2656 5256
208 885 252 970 il
442 932 446 941 ,
525 881 574 949 Μ.
600 880 638 948 r.
662 880 941 953 cressonis

203 1003 263 1075 dia
276 999 483 1100 impediret,
498 1013 535 1071 et
553 1002 694 1071 animos
710 1025 731 1072 a
749 1005 890 1073 minore
905 1012 1013 1074 cural
1027 1000 1073 1074 ad
1086 1026 1273 1078 summum

205 1108 397 1185 timorem⁸
413 1108 627 1195 traduceret.
650 1110 719 1181 Sed
736 1126 877 1200 tamen,
897 1113 935 1181 in
955 1111 1167 1209 hujusmodi
1193 1140 1277 1213 per·

205 1222 413 1295 turbatione
429 1244 570 1307 rerum,
588 1243 811 1316 quamquam
826 1224 949 1291 omnia
962 1236 1048 1293 sunt
1061 1222 1276 1312 metuenda,

206 1334 297 1404 nihil
328 1334 460 1429 magis,
487 1334 596 1427 quam
624 1328 839 1427 perfidiane
866 1334 1058 1403 timemus:
1085 1348 1123 1404 et
1145 1322 1276 1407 Catoni

204 1443 374 1540 quidem,
387 1462 540 1538 quoquo
557 1435 668 1509 modo
689 1464 727 1511 se
751 1465 807 1512 res
828 1440 977 1529 habeat,
998 1442 1165 1541 profecto
1187 1446 1276 1516 resi·

205 1557 346 1624 stimus.
363 1556 418 1624 De
431 1548 671 1622 Alexandrina
690 1576 749 1639 re,
766 1576 945 1648 causaque
960 1556 1111 1650 regia¹⁰,
1131 1568 1275 1626 tantum

205 1662 324 1733 habeo
340 1660 521 1758 polliceri,
541 1684 599 1731 me
616 1659 682 1730 tibi
704 1659 846 1733 absenti
868 1666 1012 1761 tuisque
1037 1664 1275 1762 presentibus

205 1771 388 1844 cumulate
404 1766 681 1840 satisfacturum.
701 1771 769 1841 Sed
787 1797 930 1861 vereor,
951 1798 997 1843 ne
1017 1789 1080 1845 aut
1101 1778 1277 1874 eripiatur

206 1881 365 1963 nobis¹¹,
384 1892 447 1951 aut
465 1876 672 1949 deseratur:
693 1905 851 1977 quorum
870 1898 992 1953 utrum
1010 1887 1132 1955 minus
1148 1887 1277 1974 velim,

206 2015 282 2062 non
308 1988 412 2059 facile
433 2011 582 2084 possum
606 1990 818 2061 existimare.
843 1991 928 2077 Sed,
945 1996 974 2062 si
998 2019 1055 2064 res
1077 2010 1201 2092 coget,
1223 2010 1279 2069 cst

206 2099 381 2198 quiddam
407 2099 554 2167 tertium
567 2107 610 2184 ¹²,
634 2098 737 2194 quod
763 2125 883 2197 neque
908 2103 1056 2187 Selicio,
1086 2129 1155 2174 nec
1184 2104 1277 2175 mibi

207 2206 437 2308 displicebat:
454 2220 495 2276 ut
511 2230 631 2303 neque
645 2209 764 2303 jacere
774 2206 805 2251 ¹³
821 2234 943 2306 regem
957 2227 1176 2309 pateremur,
1189 2238 1278 2303 nec,

207 2319 314 2391 nobis
328 2314 634 2415 repugnantibus,
645 2316 692 2387 ad
708 2343 792 2388 enm
810 2319 940 2391 deferri
951 2377 960 2409 ,
971 2320 1016 2392 ad
1030 2348 1141 2419 quem
1158 2348 1278 2423 prope

203 2431 278 2526 jam
295 2426 454 2498 delatum
472 2427 708 2496 existimatur.
724 2432 754 2499 A
770 2428 877 2499 nobis
893 2447 1046 2527 agentur
1059 2437 1182 2504 onmia
1197 2433 1280 2505 dili·

206 2553 353 2637 genter:
378 2550 420 2605 ut
434 2559 520 2623 noc,
538 2536 565 2605 si
582 2535 673 2632 quid
689 2536 848 2609 obtineri
863 2546 1014 2637 poterit,
1032 2569 1106 2612 non
1125 2559 1278 2615 conten·

205 2650 351 2732 (lamus,
368 2669 453 2731 nec,
466 2648 494 2714 si
511 2644 601 2742 quid
619 2672 694 2717 non
712 2647 997 2735 obtinuerimus,
1010 2654 1144 2751 repulsi
1155 2658 1185 2707 ¹4
1197 2680 1277 2726 csse

206 2757 404 2828 videamur.
416 2759 500 2823 Ture
518 2758 701 2851 sapientiae
720 2759 1054 2859 magnitudinisque
1072 2766 1184 2834 animi
1202 2779 1278 2851 cst,

206 2890 353 2937 omnem
370 2862 646 2960 arrrplitudinem
664 2881 700 2936 ct
723 2866 934 2965 dignitatem
952 2887 1051 2943 tuam
1070 2876 1105 2942 in
1122 2878 1278 2962 virtute,

204 2993 315 3073 atque
329 2977 366 3044 in
380 2971 491 3045 rebus
506 2977 612 3068 gestis
628 2978 718 3064 tuis,
731 2993 841 3076 atque
857 2983 895 3049 iu
915 2996 976 3051 tua
992 2986 1163 3078 gravitate
1178 2987 1279 3081 posi·

129 3218 135 3229 .
206 3179 263 3228 licia
272 3186 435 3225 revocaretur.
448 3172 513 3220 Vide
523 3172 554 3219 sd
565 3175 597 3235 Q.
607 3177 647 3220 Fr.
656 3175 683 3232 1,
696 3176 721 3222 3.
766 3170 811 3217 visi
825 3171 905 3219 sdhue
924 3181 997 3235 snut,
1014 3172 1140 3221 codicibus
1151 3175 1276 3239 entiquis,

206 3257 347 3306 -Scilicet
359 3255 404 3303 luc
416 3253 469 3317 lege
480 3252 582 3302 osvebat
591 3253 655 3301 Ceto
665 3269 721 3318 par-
764 3264 816 3296 non
835 3252 926 3309 susim,
945 3263 969 3299 et
992 3251 1019 3299 id
1042 3269 1099 3299 sane
1120 3256 1278 3305 temerarium

206 3340 267 3385 tium
290 3335 492 3399 Pompeianarum
514 3331 720 3396 studiosissimus,
763 3339 808 3376 cst.
835 3333 952 3378 recerunt
978 3341 1057 3379 temen
1081 3331 1116 3379 illi
1142 3332 1277 3385 duumviri.

207 3434 238 3465 ne
258 3432 315 3464 enm
335 3414 451 3476 Pompeio
469 3411 586 3459 Lentulus
604 3410 634 3458 de
654 3413 720 3458 resti-
762 3408 810 3457 Sed
824 3424 870 3472 ego
881 3425 970 3473 sequor
980 3410 1056 3458 libros
1066 3423 1177 3458 exaratos
1188 3428 1276 3473 maun,

207 3496 299 3544 tuendo
312 3493 443 3541 l’tolemaeo
459 3490 625 3537 contenderet.
636 3492 681 3538 En.
762 3488 898 3535 Victorinus
908 3501 932 3536 et
941 3492 1115 3537 Gruterum—
1121 3493 1178 3548 Res,
1186 3503 1223 3539 est
1232 3511 1277 3542 ue·

243 3591 266 3635 7.
283 3573 376 3621 Minore
389 3588 458 3619 cura.
476 3572 513 3617 De
525 3568 664 3617 reducendo
676 3587 717 3618 re·
762 3568 855 3629 gotium
867 3568 1005 3628 Ptolemtei3
1016 3584 1095 3625 eausa,
1105 3582 1140 3618 est
1150 3571 1277 3635 religionis

206 3654 329 3717 ge.0n1v.
761 3645 960 3709 impedimentum
976 3646 1005 3695 de
1022 3664 1071 3711 qno
1084 3651 1172 3698 Romu
1187 3652 1277 3715 egebe-

243 3734 267 3780 8.
285 3730 410 3777 Timorem.
425 3730 463 3777 Ne
477 3730 606 3793 imperium
619 3728 664 3777 tibi
679 3728 718 3776 ab
763 3735 810 3773 tur.
823 3728 873 3774 En.

205 3821 314 3874 rogetur.
324 3808 404 3856 Coss.
801 3819 839 3851 ιι.
851 3803 915 3861 Alii,
928 3822 1002 3853 carisa
1013 3806 1080 3871 regia
1088 3808 1163 3855 nobis.
1170 3810 1186 3856 J
1189 3810 1234 3858 Ν.
1244 3813 1275 3863 L,

242 3906 267 3952 9.
286 3887 423 3955 Perfidiam.
446 3886 471 3933 si
496 3886 560 3933 enim
583 3886 608 3932 in
634 3884 718 3934 officio
800 3900 840 3932 12.
863 3885 985 3945 Quiddam
1008 3887 1111 3934 tertium.
1135 3889 1200 3950 Quid
1226 3889 1276 3938 bec

206 3967 339 4018 sumserint
347 3966 483 4028 amiei,qui
495 3980 562 4012 susm
575 3964 648 4011 nobis
658 3981 718 4029 ope-
762 3962 809 4019 sit,
827 3963 900 4026 plene
916 3980 969 4011 non
987 3969 1102 4029 exponir;
1120 3966 1161 4013 sed
1176 3968 1278 4018 videtur

206 4066 257 4097 rum
269 4047 300 4094 ad
309 4043 475 4109 impediendus
486 4042 639 4089 tribunorum
650 4043 716 4107 pleb.
761 4040 913 4105 significare:
934 4043 959 4089 Si
981 4045 1096 4093 Lentulus
1118 4063 1200 4109 regens
1223 4066 1276 4097 non

206 4128 346 4191 rogationes
365 4122 469 4187 polliciti
488 4132 558 4178 sunt,
573 4122 634 4169 nihil
648 4124 717 4171 time·
761 4120 874 4177 reducat,
896 4138 975 4185 neque
997 4124 1057 4183 sibi,
1081 4142 1159 4189 neque
1183 4129 1276 4176 Selicio

205 4223 270 4255 suris.
282 4207 352 4254 Mis.
762 4198 904 4262 displicere,
925 4212 953 4249 ut
973 4219 986 4248 u
1005 4205 1092 4266 quovis
1110 4205 1158 4252 ulio
1173 4209 1276 4269 potins,

245 4302 284 4334 ιο.
297 4284 377 4333 &uso
387 4279 463 4345 reffl'a.
471 4278 551 4326 Facile
563 4290 587 4327 et
600 4278 652 4344 ipse
665 4296 716 4327 cre-
761 4295 833 4343 quarn
844 4296 857 4325 a
870 4282 1003 4344 Pompeio,
1017 4282 1154 4331 reducatur.
1166 4288 1240 4336 Mssa.

204 4363 309 4411 diderim
328 4378 405 4409 carisa
423 4358 492 4422 regia
514 4374 564 4405 esse
585 4360 715 4422 glossema,
800 4361 838 4407 13.
862 4362 956 4408 Ιαιϊνι.
989 4364 1012 4407 Λ
1042 4364 1138 4410 nemine
1170 4367 1281 4423 restitui,

206 4454 233 4488 nt
246 4443 376 4489 Lambinus
392 4450 417 4487 et
432 4438 557 4485 Manutius
571 4449 636 4485 recte
649 4437 717 4485 ride·
799 4445 840 4492 14.
859 4440 964 4501 Repulsi.
981 4442 1087 4488 Pertinet
1103 4442 1134 4490 ad
1150 4442 1211 4490 illud
1227 4457 1277 4493 ter-

206 4532 280 4579 umt;
299 4536 381 4568 verum
405 4518 491 4579 ejicere
516 4516 557 4563 ills
582 4516 667 4575 verba,
691 4530 716 4564 et
761 4518 915 4580 tlum‚quod
930 4519 976 4566 sibi
991 4538 1042 4568 sion
1052 4521 1182 4586 displicere
1192 4523 1275 4576 dixit:

202 4600 323 4650 cradicare
339 4599 423 4648 insitis
438 4595 568 4656 omnibus,
589 4606 716 4661 quotquot
760 4610 816 4657 segc
829 4596 893 4643 eninr
908 4597 939 4644 ud
949 4600 1093 4664 Pompeium
1104 4601 1200 4664 deluto,
1211 4607 1278 4653 Len·
