2656 5256
132 864 172 909 ra
440 844 489 909 M.
515 842 553 906 T.
580 838 860 906 CICERONIS

127 959 343 1030 tinebamus.
357 963 409 1029 Eo
421 959 480 1029 die
493 956 665 1029 acerbum
683 955 878 1026 habuimus
892 959 1088 1032 Curibnem
1097 953 1126 1044 3;
1137 959 1198 1027 Bi·

127 1066 257 1138 bulum
265 1067 1010 1164 multojustiorenr⁴,paeneetiamamicum.
1018 1069 1197 1137 Caninius

128 1192 166 1248 et
180 1181 268 1249 Cato
292 1191 488 1275 negarunt,
506 1202 544 1247 se
566 1176 683 1273 legem
704 1175 813 1245 ullam
835 1187 920 1245 ante
936 1172 1196 1245 comitia⁵esse

128 1288 274 1358 laturos.
292 1290 443 1359 Senatus
458 1286 585 1358 baberi
600 1301 685 1356 ante
708 1284 778 1356 kal.
799 1283 889 1355 lebr.
907 1308 973 1382 per
989 1284 1104 1382 legem
1121 1290 1194 1356 Pu-

129 1400 225 1493 piam
235 1393 264 1484 ⁶,
284 1396 322 1467 id
338 1396 440 1494 quod
461 1399 550 1484 scis,
572 1421 646 1466 non
664 1408 801 1493 potest3
824 1420 943 1492 neque
958 1420 1082 1466 mense
1100 1393 1193 1465 iebr.

129 1517 223 1593 toto,
237 1507 305 1574 nisi
322 1503 490 1602 perfectis
503 1521 568 1576 aut
583 1507 745 1602 rejectis⁷
764 1503 1016 1600 legationibus.
1042 1510 1126 1575 Haec
1144 1519 1196 1576 ta·

130 1639 214 1684 men
235 1617 360 1712 opinio
381 1630 437 1686 est
456 1616 584 1713 populi
612 1617 771 1701 romani,
791 1639 813 1684 a
835 1617 906 1684 tuis
928 1613 1061 1684 invidis
1082 1629 1195 1711 atque

130 1722 435 1794 obtrectatoribus
465 1749 599 1795 nomen
628 1724 820 1795 inductum
849 1720 969 1794 ficret
989 1725 1195 1821 religionis,

131 1856 207 1902 non
225 1845 297 1902 tam
314 1846 406 1903 utto
428 1833 664 1931 impedirent,
684 1859 796 1931 quam
818 1846 923 1904 utne
941 1838 1024 1931 quis
1042 1850 1196 1932 propter

92 1974 95 1979 ·
130 1944 307 2013 exereitus
331 1942 566 2040 cupiditatem
583 1942 833 2016 Alexandriam
854 1944 962 2014 vellet
984 1948 1047 2015 ire.
1068 1947 1198 2041 Digni-

132 2054 213 2121 tatis
233 2067 355 2122 autom
376 2066 464 2140 tuae,
483 2078 592 2124 nemo
613 2069 685 2137 est,
705 2056 796 2150 quin
817 2055 1014 2141 existimet,
1031 2053 1203 2125 habitam·

75 2212 80 2221 ,
132 2187 209 2232 esse
222 2165 399 2234 rationum
412 2163 459 2237 ab
473 2177 600 2234 senatu
607 2175 634 2234 ⁹.
644 2168 761 2237 Nemo
775 2176 829 2234 est
842 2146 1027 2260 enim,'qui
1045 2167 1198 2251 nesciat,

131 2297 208 2368 quo
231 2276 352 2344 minus
372 2273 541 2345 discessio
562 2272 682 2362 fieret,
704 2298 770 2371 per
782 2272 1003 2352 adversarios
1020 2288 1102 2344 tuos
1116 2299 1197 2347 esse

131 2380 285 2453 factum:
299 2387 364 2480 qui
380 2409 480 2455 nunc
493 2385 619 2482 populi
633 2387 800 2471 nomine,
816 2408 854 2453 re
870 2398 991 2454 autem
1004 2408 1107 2486 vera,
1119 2409 1199 2464 sce·

129 2493 343 2566 leratissimo
364 2494 572 2580 latrocinio,
593 2497 622 2565 si
643 2519 724 2591 quae
747 2493 980 2565 conabuntur
998 2517 1121 2590 agere,
1143 2519 1199 2565 sa-

130 2605 176 2673 tis
185 2613 216 2647 ¹⁰
227 2607 412 2701 provisum
429 2618 494 2693 est,
507 2619 550 2675 ut
564 2630 611 2674 ne
624 2602 715 2701 quid
731 2604 835 2674 salvis
850 2606 1019 2700 auspiciis
1034 2617 1098 2673 aut
1111 2604 1199 2700 legi·

130 2711 220 2797 bus,
237 2727 301 2784 aut
310 2716 384 2809 jam
399 2718 523 2786 sineri
540 2738 645 2810 agere
661 2715 811 2811 possint.
824 2718 900 2809 Ego
915 2738 1034 2810 neque
1051 2708 1096 2782 de
1111 2737 1198 2782 meo

131 2820 272 2906 studio,
296 2847 416 2920 neque
439 2823 484 2895 do
509 2823 770 2894 nonnullorum
798 2824 931 2918 injuria
959 2820 1197 2892 scribendum

133 2929 222 3000 mihi
239 2956 315 3002 esse
330 2930 497 3004 arbitror.
520 2932 619 3023 Quid
635 2935 732 3003 enim
745 2947 807 3002 aut
821 2957 879 3002 me
890 2933 1093 3002 ostentam?
1111 2934 1198 3030 qui,

133 3044 162 3111 si
179 3044 290 3114 vitam
305 3067 373 3140 pro
389 3055 451 3121 tua
467 3042 640 3140 dignitate
654 3039 891 3140 profundam,
904 3041 1040 3112 nullam
1054 3054 1198 3141 partem

167 3258 193 3305 ³.
205 3257 340 3307 Curionem.
350 3259 378 3307 C.
387 3258 542 3306 Scribonium
553 3260 639 3308 Curio·
684 3258 781 3306 tialibus
797 3258 883 3306 diebus
900 3257 984 3306 baberi
1001 3268 1110 3305 senatum
1130 3267 1200 3305 veta·

132 3353 203 3394 uem,
223 3337 389 3395 consularem,
410 3349 435 3386 et
455 3338 639 3402 triumphalem,
683 3337 735 3386 bat.
759 3336 801 3386 Ad
820 3339 852 3399 Q.
871 3340 992 3397 Fratrem,
1015 3338 1053 3395 11,
1075 3352 1089 3383 a
1111 3346 1138 3385 et
1157 3352 1199 3385 ra.

132 3427 225 3481 patrem
239 3419 304 3478 ejus,
322 3418 354 3467 ad
371 3435 443 3482 quem
461 3419 571 3482 epistolae
584 3419 640 3468 mit·
687 3417 760 3463 Mut-

133 3505 218 3543 tuntur
228 3496 352 3544 nonnullae
365 3496 409 3545 lib.
419 3499 451 3544 ll.
721 3514 744 3558 7.
758 3496 868 3560 llejecrt's.
881 3496 912 3542 In
922 3494 988 3542 aliud
998 3504 1095 3557 tempus
1105 3494 1199 3544 dilatis.

169 3582 193 3630 4.
211 3575 440 3636 Iustiorem.l{ujus
449 3575 640 3625 mutationisilla
684 3577 768 3622 Mense
795 3585 876 3621 autern
894 3574 1016 3621 februario
1032 3573 1157 3637 postulata
1174 3586 1201 3622 et

132 3652 221 3701 Bibulo
234 3669 304 3700 eausa
317 3655 376 3711 fuit,
394 3655 479 3717 quod,
494 3671 570 3718 quum
589 3655 640 3719 ipse
682 3654 815 3719 legationes
828 3655 1007 3717 provinciarum
1021 3652 1100 3699 audiri
1113 3652 1201 3700 solitas

132 3731 164 3779 de
175 3732 253 3778 tribus
264 3732 347 3795 legatis
360 3733 468 3781 obtinere
485 3749 534 3780 non
547 3735 641 3797 potuis·
685 3731 1201 3792 conlirmatCic.inVerr.l,³5311,31.

131 3822 184 3870 set,
209 3811 314 3859 malebat
336 3812 439 3860 Lentulo
468 3829 517 3861 rem
539 3813 638 3871 deferri,
685 3813 909 3870 ltemadAttic.l‚
926 3812 1137 3869 mikilana.

131 3906 205 3953 quam
224 3889 357 3952 Pompeio,
375 3907 446 3953 quem
463 3892 576 3949 Caesaris,
594 3892 641 3938 ini·
722 3896 746 3941 8.
765 3892 840 3940 Fictoe
855 3891 987 3956 religionis.
1003 3893 1059 3940 Non
1074 3893 1141 3941 euim
1156 3910 1202 3942 eoa

132 3965 318 4025 memoriani,
334 3985 460 4032 generum,
474 3971 640 4033 fautoremque
683 3971 769 4035 religio
782 3970 909 4028 movebat,
924 3971 966 4017 sed
981 3972 1061 4035 specie
1073 3972 1202 4037 religionis

131 4059 156 4097 et
178 4046 377 4111 amplificatorem
399 4048 537 4111 dignitatis,
559 4050 640 4096 ornari
684 4049 876 4097 malevolentiam
896 4064 964 4096 suam
985 4050 1106 4114 tegebant.
1131 4052 1202 4100 aett-

133 4143 185 4175 non
197 4126 303 4175 libenter
315 4126 422 4176 videbat.
437 4125 510 4176 Mart.
681 4128 762 4194 giouis
780 4128 905 4176 caluumia
921 4140 1024 4177 vocatur
1042 4129 1069 4176 in
1088 4130 1164 4194 epist.
1178 4146 1202 4180 r.

168 4208 193 4256 5.
206 4204 317 4262 Cornicis.
331 4207 415 4254 Mense
428 4217 530 4270 augusto
543 4207 641 4253 comitia
685 4210 758 4255 Mart.

131 4286 163 4333 ad
178 4285 295 4333 creandos
309 4287 460 4349 magistratus
475 4285 573 4334 fiebant.
591 4287 642 4334 Ma·
721 4304 748 4350 9.
765 4288 804 4334 Ab
819 4297 914 4334 senam.
930 4286 989 4335 Non
1007 4287 1070 4333 enirn
1085 4296 1204 4346 senatus,

128 4368 195 4425 jorra
212 4365 311 4428 quidem
324 4381 372 4428 per
391 4365 520 4421 centurias,
536 4367 641 4411 minores
686 4366 728 4414 sed
740 4365 932 4414 adversariorum
949 4377 1047 4413 tuorum
1060 4365 1151 4431 culpa,
1169 4383 1202 4416 ue

133 4459 192 4491 vero
200 4461 247 4508 per
256 4444 331 4492 uibus
343 4444 538 4494 nominabuntur.
549 4446 594 4492 Eu.
687 4445 801 4493 discessio
809 4443 1052 4503 lieret‚oomrniasum
1065 4455 1111 4493 est.
1122 4446 1201 4493 Man.

166 4523 193 4571 6.
211 4527 258 4572 Per
270 4525 347 4589 legem
361 4525 473 4590 Pupiam.
488 4526 551 4588 Quae
569 4524 641 4571 comi·
724 4523 1020 4597 ro.ldart.Laguuaaddit
1030 4523 1117 4575 mida]
1123 4525 1200 4575 .v.1..
