<?xml version="1.0" encoding="UTF-8"?>
<!DOCTYPE html PUBLIC "-//W3C//DTD XHTML 1.0 Transitional//EN"
    "http://www.w3.org/TR/xhtml1/DTD/xhtml1-transitional.dtd">
<html xmlns="http://www.w3.org/1999/xhtml" xml:lang="en" lang="en">
 <head>
  <title>
</title>
<meta http-equiv="Content-Type" content="text/html;charset=utf-8" />
  <meta name='ocr-system' content='tesseract 3.04.00' />
  <meta name='ocr-capabilities' content='ocr_page ocr_carea ocr_par ocr_line ocrx_word'/>
</head>
<body>
  <div class='ocr_page' id='page_1' title='image "bibliothecaclas71lemagoog_0028.png"; bbox 0 0 2678 4800; ppageno 0'>
   <div class='ocr_carea' id='block_1_1' title="bbox 10 210 1137 472">
    <p class='ocr_par' dir='ltr' id='par_1_1' title="bbox 10 210 1137 472">
     <span class='ocr_line' id='line_1_1' title="bbox 10 210 1137 472; baseline 0.014 -40"><span class='ocrx_word' id='word_1_1' title='bbox 10 210 24 443; x_wconf 90' lang='lat' dir='ltr'><strong>l</strong></span> <span class='ocrx_word' id='word_1_2' title='bbox 314 375 430 444; x_wconf 78' lang='lat' dir='ltr'><strong>vrrs</strong></span> <span class='ocrx_word' id='word_1_3' title='bbox 455 373 505 443; x_wconf 84' lang='lat' dir='ltr'><strong>u.</strong></span> <span class='ocrx_word' id='word_1_4' title='bbox 528 370 566 443; x_wconf 79' lang='lat' dir='ltr'><strong>a.</strong></span> <span class='ocrx_word' id='word_1_5' title='bbox 589 373 878 448; x_wconf 80' lang='lat' dir='ltr'><strong>crcunoms</strong></span> <span class='ocrx_word' id='word_1_6' title='bbox 1070 376 1137 472; x_wconf 64' lang='lat' dir='ltr'><strong>xiij·</strong></span> 
     </span>
    </p>
   </div>
   <div class='ocr_carea' id='block_1_2' title="bbox 10 494 1251 4155">
    <p class='ocr_par' dir='ltr' id='par_1_2' title="bbox 61 494 1251 1285">
     <span class='ocr_line' id='line_1_2' title="bbox 78 494 1167 598; baseline 0.006 -31"><span class='ocrx_word' id='word_1_7' title='bbox 78 510 107 567; x_wconf 81' lang='lat' dir='ltr'><strong>et</strong></span> <span class='ocrx_word' id='word_1_8' title='bbox 119 494 255 569; x_wconf 84' lang='lat' dir='ltr'><strong>similia.</strong></span> <span class='ocrx_word' id='word_1_9' title='bbox 273 497 356 586; x_wconf 84' lang='lat' dir='ltr'><strong>Qua</strong></span> <span class='ocrx_word' id='word_1_10' title='bbox 366 496 589 567; x_wconf 83' lang='lat' dir='ltr'><strong>contumelia</strong></span> <span class='ocrx_word' id='word_1_11' title='bbox 604 498 715 568; x_wconf 87' lang='lat' dir='ltr'><strong>iratus</strong></span> <span class='ocrx_word' id='word_1_12' title='bbox 730 498 936 595; x_wconf 86' lang='lat' dir='ltr'><strong>Pompeius,</strong></span> <span class='ocrx_word' id='word_1_13' title='bbox 950 496 1140 598; x_wconf 76' lang='lat' dir='ltr'><strong>fretusque</strong></span> <span class='ocrx_word' id='word_1_14' title='bbox 1164 494 1167 498; x_wconf 44' lang='grc'>“</span> 
     </span>
     <span class='ocr_line' id='line_1_3' title="bbox 74 595 1135 711; baseline 0.005 -29"><span class='ocrx_word' id='word_1_15' title='bbox 74 595 210 682; x_wconf 68' lang='lat' dir='ltr'><strong>lentuli</strong></span> <span class='ocrx_word' id='word_1_16' title='bbox 227 611 458 698; x_wconf 89' lang='lat' dir='ltr'><strong>auctoritate,</strong></span> <span class='ocrx_word' id='word_1_17' title='bbox 473 609 520 682; x_wconf 92' lang='lat' dir='ltr'><strong>ad</strong></span> <span class='ocrx_word' id='word_1_18' title='bbox 533 619 645 707; x_wconf 88' lang='lat' dir='ltr'><strong>quem</strong></span> <span class='ocrx_word' id='word_1_19' title='bbox 661 612 834 709; x_wconf 69' lang='lat' dir='ltr'><strong>proximae</strong></span> <span class='ocrx_word' id='word_1_20' title='bbox 855 627 940 683; x_wconf 90' lang='lat' dir='ltr'><strong>sunt</strong></span> <span class='ocrx_word' id='word_1_21' title='bbox 957 616 1135 711; x_wconf 88' lang='lat' dir='ltr'><strong>epistolae,</strong></span> 
     </span>
     <span class='ocr_line' id='line_1_4' title="bbox 73 723 1137 823; baseline 0.007 -29"><span class='ocrx_word' id='word_1_22' title='bbox 73 728 182 823; x_wconf 88' lang='lat' dir='ltr'><strong>etqui</strong></span> <span class='ocrx_word' id='word_1_23' title='bbox 198 726 367 798; x_wconf 86' lang='lat' dir='ltr'><strong>Ciceroni</strong></span> <span class='ocrx_word' id='word_1_24' title='bbox 382 727 619 798; x_wconf 91' lang='lat' dir='ltr'><strong>amicissimus</strong></span> <span class='ocrx_word' id='word_1_25' title='bbox 631 723 720 813; x_wconf 86' lang='lat' dir='ltr'><strong>luit,</strong></span> <span class='ocrx_word' id='word_1_26' title='bbox 741 741 869 798; x_wconf 84' lang='lat' dir='ltr'>auctor</span> <span class='ocrx_word' id='word_1_27' title='bbox 887 725 1003 801; x_wconf 85' lang='lat' dir='ltr'><strong>fuitT.</strong></span> <span class='ocrx_word' id='word_1_28' title='bbox 1016 734 1137 802; x_wconf 88' lang='lat' dir='ltr'><strong>Annio</strong></span> 
     </span>
     <span class='ocr_line' id='line_1_5' title="bbox 71 839 1136 940; baseline 0.004 -28"><span class='ocrx_word' id='word_1_29' title='bbox 71 840 215 912; x_wconf 78' lang='lat' dir='ltr'><strong>tribum</strong></span> <span class='ocrx_word' id='word_1_30' title='bbox 235 839 369 938; x_wconf 88' lang='lat' dir='ltr'><strong>plebis,</strong></span> <span class='ocrx_word' id='word_1_31' title='bbox 387 855 430 912; x_wconf 91' lang='lat' dir='ltr'><strong>ut</strong></span> <span class='ocrx_word' id='word_1_32' title='bbox 451 841 678 939; x_wconf 81' lang='lat' dir='ltr'><strong>rogationem</strong></span> <span class='ocrx_word' id='word_1_33' title='bbox 696 840 742 913; x_wconf 93' lang='lat' dir='ltr'><strong>ad</strong></span> <span class='ocrx_word' id='word_1_34' title='bbox 761 842 942 940; x_wconf 89' lang='lat' dir='ltr'><strong>populum</strong></span> <span class='ocrx_word' id='word_1_35' title='bbox 961 841 1073 916; x_wconf 86' lang='lat' dir='ltr'><strong>ferret</strong></span> <span class='ocrx_word' id='word_1_36' title='bbox 1089 845 1136 917; x_wconf 86' lang='lat' dir='ltr'><strong>dc</strong></span> 
     </span>
     <span class='ocr_line' id='line_1_6' title="bbox 67 954 1137 1054; baseline 0.002 -26"><span class='ocrx_word' id='word_1_37' title='bbox 67 958 239 1028; x_wconf 85' lang='lat' dir='ltr'><strong>Cicerone</strong></span> <span class='ocrx_word' id='word_1_38' title='bbox 258 954 476 1028; x_wconf 77' lang='lat' dir='ltr'><strong>revocando.</strong></span> <span class='ocrx_word' id='word_1_39' title='bbox 498 958 586 1045; x_wconf 76' lang='lat' dir='ltr'><strong>Quae</strong></span> <span class='ocrx_word' id='word_1_40' title='bbox 603 979 661 1028; x_wconf 89' lang='lat' dir='ltr'><strong>res</strong></span> <span class='ocrx_word' id='word_1_41' title='bbox 683 959 847 1054; x_wconf 79' lang='lat' dir='ltr'><strong>ingentes</strong></span> <span class='ocrx_word' id='word_1_42' title='bbox 869 956 994 1029; x_wconf 82' lang='lat' dir='ltr'>turbas</span> <span class='ocrx_word' id='word_1_43' title='bbox 1012 960 1137 1031; x_wconf 88' lang='lat' dir='ltr'><strong>conci-</strong></span> 
     </span>
     <span class='ocr_line' id='line_1_7' title="bbox 67 1067 1137 1144; baseline 0.001 -3"><span class='ocrx_word' id='word_1_44' title='bbox 67 1071 162 1141; x_wconf 86' lang='lat' dir='ltr'><strong>tavit.</strong></span> <span class='ocrx_word' id='word_1_45' title='bbox 179 1068 331 1142; x_wconf 87' lang='lat' dir='ltr'><strong>Clodius</strong></span> <span class='ocrx_word' id='word_1_46' title='bbox 345 1071 540 1143; x_wconf 90' lang='lat' dir='ltr'><strong>enimcum</strong></span> <span class='ocrx_word' id='word_1_47' title='bbox 554 1067 710 1141; x_wconf 86' lang='lat' dir='ltr'><strong>factione</strong></span> <span class='ocrx_word' id='word_1_48' title='bbox 729 1093 794 1142; x_wconf 87' lang='lat' dir='ltr'><strong>sua</strong></span> <span class='ocrx_word' id='word_1_49' title='bbox 812 1068 1009 1143; x_wconf 78' lang='lat' dir='ltr'><strong>tribunitiae</strong></span> <span class='ocrx_word' id='word_1_50' title='bbox 1025 1070 1137 1144; x_wconf 79' lang='lat' dir='ltr'><strong>obsti·</strong></span> 
     </span>
     <span class='ocr_line' id='line_1_8' title="bbox 61 1167 1251 1285; baseline 0.003 -30"><span class='ocrx_word' id='word_1_51' title='bbox 61 1167 104 1255; x_wconf 85' lang='lat' dir='ltr'><strong>&#39;tit</strong></span> <span class='ocrx_word' id='word_1_52' title='bbox 121 1185 325 1282; x_wconf 78' lang='lat' dir='ltr'><strong>rogationi,</strong></span> <span class='ocrx_word' id='word_1_53' title='bbox 347 1201 466 1281; x_wconf 87' lang='lat' dir='ltr'><strong>eoque</strong></span> <span class='ocrx_word' id='word_1_54' title='bbox 487 1182 695 1272; x_wconf 89' lang='lat' dir='ltr'><strong>obnitente,</strong></span> <span class='ocrx_word' id='word_1_55' title='bbox 717 1182 942 1281; x_wconf 86' lang='lat' dir='ltr'><strong>aliquamdiu</strong></span> <span class='ocrx_word' id='word_1_56' title='bbox 965 1185 1055 1256; x_wconf 89' lang='lat' dir='ltr'><strong>nibil</strong></span> <span class='ocrx_word' id='word_1_57' title='bbox 1079 1191 1136 1285; x_wconf 89' lang='lat' dir='ltr'><strong>agi</strong></span> <span class='ocrx_word' id='word_1_58' title='bbox 1247 1268 1251 1273; x_wconf 42' lang='grc'>,</span> 
     </span>
    </p>

    <p class='ocr_par' dir='ltr' id='par_1_3' title="bbox 10 1234 1224 2546">
     <span class='ocr_line' id='line_1_9' title="bbox 10 1234 1136 1398; baseline 0.004 -27"><span class='ocrx_word' id='word_1_59' title='bbox 10 1234 15 1393; x_wconf 90' lang='lat' dir='ltr'><strong>l</strong></span> <span class='ocrx_word' id='word_1_60' title='bbox 62 1302 204 1398; x_wconf 91' lang='lat' dir='ltr'><strong>potuit,</strong></span> <span class='ocrx_word' id='word_1_61' title='bbox 229 1313 481 1397; x_wconf 89' lang='lat' dir='ltr'><strong>certatumque</strong></span> <span class='ocrx_word' id='word_1_62' title='bbox 508 1307 563 1372; x_wconf 85' lang='lat' dir='ltr'><strong>est</strong></span> <span class='ocrx_word' id='word_1_63' title='bbox 590 1301 736 1372; x_wconf 88' lang='lat' dir='ltr'><strong>interim</strong></span> <span class='ocrx_word' id='word_1_64' title='bbox 764 1301 804 1370; x_wconf 91' lang='lat' dir='ltr'><strong>in</strong></span> <span class='ocrx_word' id='word_1_65' title='bbox 832 1298 979 1398; x_wconf 91' lang='lat' dir='ltr'><strong>publico</strong></span> <span class='ocrx_word' id='word_1_66' title='bbox 1008 1306 1136 1392; x_wconf 88' lang='lat' dir='ltr'><strong>armis,</strong></span> 
     </span>
     <span class='ocr_line' id='line_1_10' title="bbox 63 1413 1138 1514; baseline 0.003 -28"><span class='ocrx_word' id='word_1_67' title='bbox 63 1414 325 1512; x_wconf 83' lang='lat' dir='ltr'><strong>tribunitiaque</strong></span> <span class='ocrx_word' id='word_1_68' title='bbox 340 1430 499 1514; x_wconf 89' lang='lat' dir='ltr'><strong>potestas</strong></span> <span class='ocrx_word' id='word_1_69' title='bbox 515 1413 646 1486; x_wconf 88' lang='lat' dir='ltr'><strong>violata</strong></span> <span class='ocrx_word' id='word_1_70' title='bbox 660 1429 725 1502; x_wconf 87' lang='lat' dir='ltr'><strong>est,</strong></span> <span class='ocrx_word' id='word_1_71' title='bbox 741 1415 845 1485; x_wconf 91' lang='lat' dir='ltr'><strong>multi</strong></span> <span class='ocrx_word' id='word_1_72' title='bbox 863 1436 1012 1514; x_wconf 89' lang='lat' dir='ltr'><strong>quoque</strong></span> <span class='ocrx_word' id='word_1_73' title='bbox 1028 1419 1138 1491; x_wconf 87' lang='lat' dir='ltr'><strong>inter·</strong></span> 
     </span>
     <span class='ocr_line' id='line_1_11' title="bbox 63 1526 1134 1619; baseline 0.005 -19"><span class='ocrx_word' id='word_1_74' title='bbox 63 1527 165 1619; x_wconf 80' lang='lat' dir='ltr'><strong>lecti3</strong></span> <span class='ocrx_word' id='word_1_75' title='bbox 183 1527 276 1600; x_wconf 87' lang='lat' dir='ltr'><strong>adeo</strong></span> <span class='ocrx_word' id='word_1_76' title='bbox 294 1543 337 1600; x_wconf 90' lang='lat' dir='ltr'><strong>ut</strong></span> <span class='ocrx_word' id='word_1_77' title='bbox 352 1532 397 1619; x_wconf 90' lang='lat' dir='ltr'><strong>Q.</strong></span> <span class='ocrx_word' id='word_1_78' title='bbox 413 1533 558 1616; x_wconf 83' lang='lat' dir='ltr'><strong>Cicera,</strong></span> <span class='ocrx_word' id='word_1_79' title='bbox 577 1529 689 1599; x_wconf 89' lang='lat' dir='ltr'><strong>Marci</strong></span> <span class='ocrx_word' id='word_1_80' title='bbox 709 1526 829 1617; x_wconf 86' lang='lat' dir='ltr'><strong>frater,</strong></span> <span class='ocrx_word' id='word_1_81' title='bbox 854 1530 950 1602; x_wconf 91' lang='lat' dir='ltr'><strong>inter</strong></span> <span class='ocrx_word' id='word_1_82' title='bbox 963 1532 1134 1605; x_wconf 88' lang='lat' dir='ltr'><strong>cadavera</strong></span> 
     </span>
     <span class='ocr_line' id='line_1_12' title="bbox 62 1635 1136 1743; baseline 0.004 -27"><span class='ocrx_word' id='word_1_83' title='bbox 62 1645 225 1733; x_wconf 84' lang='lat' dir='ltr'><strong>latitans,</strong></span> <span class='ocrx_word' id='word_1_84' title='bbox 241 1646 287 1716; x_wconf 88' lang='lat' dir='ltr'><strong>sit</strong></span> <span class='ocrx_word' id='word_1_85' title='bbox 303 1635 475 1717; x_wconf 85' lang='lat' dir='ltr'><strong>servatus.</strong></span> <span class='ocrx_word' id='word_1_86' title='bbox 497 1647 685 1716; x_wconf 85' lang='lat' dir='ltr'><strong>Postremo</strong></span> <span class='ocrx_word' id='word_1_87' title='bbox 701 1645 894 1743; x_wconf 91' lang='lat' dir='ltr'><strong>Pompeius</strong></span> <span class='ocrx_word' id='word_1_88' title='bbox 913 1647 1053 1743; x_wconf 86' lang='lat' dir='ltr'><strong>ingenti</strong></span> <span class='ocrx_word' id='word_1_89' title='bbox 1075 1646 1136 1721; x_wconf 92' lang='lat' dir='ltr'><strong>bo·</strong></span> 
     </span>
     <span class='ocr_line' id='line_1_13' title="bbox 63 1758 1136 1858; baseline 0.005 -28"><span class='ocrx_word' id='word_1_90' title='bbox 63 1784 197 1831; x_wconf 93' lang='lat' dir='ltr'><strong>norum</strong></span> <span class='ocrx_word' id='word_1_91' title='bbox 222 1785 351 1849; x_wconf 87' lang='lat' dir='ltr'><strong>manu,</strong></span> <span class='ocrx_word' id='word_1_92' title='bbox 371 1758 417 1831; x_wconf 89' lang='lat' dir='ltr'><strong>ad</strong></span> <span class='ocrx_word' id='word_1_93' title='bbox 441 1759 512 1831; x_wconf 93' lang='lat' dir='ltr'><strong>boc</strong></span> <span class='ocrx_word' id='word_1_94' title='bbox 537 1760 658 1858; x_wconf 90' lang='lat' dir='ltr'><strong>ipsum</strong></span> <span class='ocrx_word' id='word_1_95' title='bbox 684 1785 728 1831; x_wconf 84' lang='lat' dir='ltr'><strong>ex</strong></span> <span class='ocrx_word' id='word_1_96' title='bbox 749 1773 825 1830; x_wconf 90' lang='lat' dir='ltr'><strong>tota</strong></span> <span class='ocrx_word' id='word_1_97' title='bbox 846 1758 1136 1848; x_wconf 81' lang='lat' dir='ltr'><strong>Italia&#39;collecta,</strong></span> 
     </span>
     <span class='ocr_line' id='line_1_14' title="bbox 61 1861 1134 1975; baseline 0.002 -28"><span class='ocrx_word' id='word_1_98' title='bbox 61 1874 233 1947; x_wconf 89' lang='lat' dir='ltr'><strong>Clodium</strong></span> <span class='ocrx_word' id='word_1_99' title='bbox 262 1861 345 1945; x_wconf 88' lang='lat' dir='ltr'><strong>foro</strong></span> <span class='ocrx_word' id='word_1_100' title='bbox 368 1873 523 1972; x_wconf 87' lang='lat' dir='ltr'><strong>expulit,</strong></span> <span class='ocrx_word' id='word_1_101' title='bbox 550 1874 756 1972; x_wconf 84' lang='lat' dir='ltr'><strong>auxilioque</strong></span> <span class='ocrx_word' id='word_1_102' title='bbox 780 1871 872 1964; x_wconf 87' lang='lat' dir='ltr'><strong>fuit,</strong></span> <span class='ocrx_word' id='word_1_103' title='bbox 904 1889 946 1946; x_wconf 94' lang='lat' dir='ltr'><strong>ut</strong></span> <span class='ocrx_word' id='word_1_104' title='bbox 973 1877 1134 1975; x_wconf 90' lang='lat' dir='ltr'><strong>populus</strong></span> 
     </span>
     <span class='ocr_line' id='line_1_15' title="bbox 63 1988 1224 2087; baseline 0.004 -29"><span class='ocrx_word' id='word_1_105' title='bbox 63 1991 139 2079; x_wconf 81' lang='lat' dir='ltr'><strong>sine</strong></span> <span class='ocrx_word' id='word_1_106' title='bbox 159 1988 285 2086; x_wconf 90' lang='lat' dir='ltr'><strong>aliquo</strong></span> <span class='ocrx_word' id='word_1_107' title='bbox 303 1990 440 2085; x_wconf 87' lang='lat' dir='ltr'><strong>majore</strong></span> <span class='ocrx_word' id='word_1_108' title='bbox 459 2002 563 2059; x_wconf 92' lang='lat' dir='ltr'><strong>motu</strong></span> <span class='ocrx_word' id='word_1_109' title='bbox 582 2003 779 2086; x_wconf 85' lang='lat' dir='ltr'><strong>rogaretur.</strong></span> <span class='ocrx_word' id='word_1_110' title='bbox 794 1991 1002 2086; x_wconf 86' lang='lat' dir='ltr'><strong>Numquam</strong></span> <span class='ocrx_word' id='word_1_111' title='bbox 1020 1993 1137 2087; x_wconf 83' lang='lat' dir='ltr'><strong>major</strong></span> <span class='ocrx_word' id='word_1_112' title='bbox 1220 2021 1224 2030; x_wconf 93' lang='lat'><strong>·</strong></span> 
     </span>
     <span class='ocr_line' id='line_1_16' title="bbox 63 2098 1136 2202; baseline 0.002 -28"><span class='ocrx_word' id='word_1_113' title='bbox 63 2103 200 2202; x_wconf 88' lang='lat' dir='ltr'><strong>populi·</strong></span> <span class='ocrx_word' id='word_1_114' title='bbox 209 2104 350 2174; x_wconf 90' lang='lat' dir='ltr'><strong>romani</strong></span> <span class='ocrx_word' id='word_1_115' title='bbox 370 2102 416 2174; x_wconf 89' lang='lat' dir='ltr'><strong>de</strong></span> <span class='ocrx_word' id='word_1_116' title='bbox 441 2098 619 2200; x_wconf 88' lang='lat' dir='ltr'><strong>aliquare</strong></span> <span class='ocrx_word' id='word_1_117' title='bbox 638 2127 834 2174; x_wconf 89' lang='lat' dir='ltr'><strong>consensus</strong></span> <span class='ocrx_word' id='word_1_118' title='bbox 854 2101 963 2174; x_wconf 84' lang='lat' dir='ltr'><strong>fuisse</strong></span> <span class='ocrx_word' id='word_1_119' title='bbox 979 2103 1136 2194; x_wconf 66' lang='lat' dir='ltr'><strong>dicitur,</strong></span> 
     </span>
     <span class='ocr_line' id='line_1_17' title="bbox 63 2218 1136 2318; baseline 0.001 -28"><span class='ocrx_word' id='word_1_120' title='bbox 63 2243 184 2318; x_wconf 88' lang='lat' dir='ltr'><strong>neque</strong></span> <span class='ocrx_word' id='word_1_121' title='bbox 205 2234 279 2291; x_wconf 89' lang='lat' dir='ltr'><strong>tam</strong></span> <span class='ocrx_word' id='word_1_122' title='bbox 300 2243 473 2317; x_wconf 89' lang='lat' dir='ltr'><strong>magnum</strong></span> <span class='ocrx_word' id='word_1_123' title='bbox 492 2219 576 2291; x_wconf 89' lang='lat' dir='ltr'><strong>alias</strong></span> <span class='ocrx_word' id='word_1_124' title='bbox 595 2220 706 2290; x_wconf 87' lang='lat' dir='ltr'><strong>totius</strong></span> <span class='ocrx_word' id='word_1_125' title='bbox 727 2219 835 2290; x_wconf 81' lang='lat' dir='ltr'><strong>Italiae</strong></span> <span class='ocrx_word' id='word_1_126' title='bbox 857 2218 1036 2308; x_wconf 88' lang='lat' dir='ltr'><strong>studium,</strong></span> <span class='ocrx_word' id='word_1_127' title='bbox 1055 2246 1136 2318; x_wconf 83' lang='lat' dir='ltr'><strong>quae</strong></span> 
     </span>
     <span class='ocr_line' id='line_1_18' title="bbox 64 2333 1138 2433; baseline 0.004 -29"><span class='ocrx_word' id='word_1_128' title='bbox 64 2333 106 2405; x_wconf 87' lang='lat' dir='ltr'><strong>ad</strong></span> <span class='ocrx_word' id='word_1_129' title='bbox 126 2333 201 2406; x_wconf 92' lang='lat' dir='ltr'><strong>hoc</strong></span> <span class='ocrx_word' id='word_1_130' title='bbox 214 2336 335 2432; x_wconf 91' lang='lat' dir='ltr'><strong>ipsum</strong></span> <span class='ocrx_word' id='word_1_131' title='bbox 351 2338 503 2405; x_wconf 90' lang='lat' dir='ltr'><strong>Romam</strong></span> <span class='ocrx_word' id='word_1_132' title='bbox 522 2333 768 2421; x_wconf 80' lang='lat' dir='ltr'><strong>confluxerat;</strong></span> <span class='ocrx_word' id='word_1_133' title='bbox 788 2348 921 2405; x_wconf 92' lang='lat' dir='ltr'><strong>utnon</strong></span> <span class='ocrx_word' id='word_1_134' title='bbox 935 2338 1048 2433; x_wconf 88' lang='lat' dir='ltr'><strong>magis</strong></span> <span class='ocrx_word' id='word_1_135' title='bbox 1067 2336 1138 2408; x_wconf 91' lang='lat' dir='ltr'><strong>ele·-</strong></span> 
     </span>
     <span class='ocr_line' id='line_1_19' title="bbox 64 2447 1136 2546; baseline 0.003 -28"><span class='ocrx_word' id='word_1_136' title='bbox 64 2462 201 2545; x_wconf 90' lang='lat' dir='ltr'><strong>ganter,</strong></span> <span class='ocrx_word' id='word_1_137' title='bbox 222 2472 333 2545; x_wconf 92' lang='lat' dir='ltr'><strong>quam</strong></span> <span class='ocrx_word' id='word_1_138' title='bbox 353 2472 438 2518; x_wconf 89' lang='lat' dir='ltr'><strong>vere</strong></span> <span class='ocrx_word' id='word_1_139' title='bbox 457 2449 583 2519; x_wconf 90' lang='lat' dir='ltr'><strong>Cicero</strong></span> <span class='ocrx_word' id='word_1_140' title='bbox 606 2463 734 2546; x_wconf 88' lang='lat' dir='ltr'><strong>postea</strong></span> <span class='ocrx_word' id='word_1_141' title='bbox 752 2447 924 2546; x_wconf 90' lang='lat' dir='ltr'><strong>gloriatus</strong></span> <span class='ocrx_word' id='word_1_142' title='bbox 944 2449 1006 2537; x_wconf 92' lang='lat' dir='ltr'><strong>sit,</strong></span> <span class='ocrx_word' id='word_1_143' title='bbox 1026 2450 1136 2522; x_wconf 73' lang='lat' dir='ltr'><strong>ltaliae</strong></span> 
     </span>
    </p>

    <p class='ocr_par' dir='ltr' id='par_1_4' title="bbox 17 2557 1247 3691">
     <span class='ocr_line' id='line_1_20' title="bbox 17 2557 1137 2659; baseline 0.004 -27"><span class='ocrx_word' id='word_1_144' title='bbox 17 2616 20 2621; x_wconf 81' lang='grc'>.</span> <span class='ocrx_word' id='word_1_145' title='bbox 64 2588 100 2634; x_wconf 84' lang='lat' dir='ltr'><strong>se</strong></span> <span class='ocrx_word' id='word_1_146' title='bbox 116 2561 280 2634; x_wconf 88' lang='lat' dir='ltr'><strong>humeris</strong></span> <span class='ocrx_word' id='word_1_147' title='bbox 297 2557 344 2632; x_wconf 92' lang='lat' dir='ltr'><strong>ab</strong></span> <span class='ocrx_word' id='word_1_148' title='bbox 361 2562 485 2633; x_wconf 80' lang='lat' dir='ltr'><strong>exsilio</strong></span> <span class='ocrx_word' id='word_1_149' title='bbox 506 2576 743 2659; x_wconf 89' lang='lat' dir='ltr'><strong>reportatum.</strong></span> <span class='ocrx_word' id='word_1_150' title='bbox 765 2565 917 2633; x_wconf 89' lang='lat' dir='ltr'><strong>Senatus</strong></span> <span class='ocrx_word' id='word_1_151' title='bbox 937 2563 1082 2636; x_wconf 88' lang='lat' dir='ltr'><strong>caritate</strong></span> <span class='ocrx_word' id='word_1_152' title='bbox 1095 2575 1137 2655; x_wconf 49' lang='lat' dir='ltr'><strong>³ct</strong></span> 
     </span>
     <span class='ocr_line' id='line_1_21' title="bbox 65 2667 1135 2774; baseline 0.002 -26"><span class='ocrx_word' id='word_1_153' title='bbox 65 2667 307 2748; x_wconf 90' lang='lat' dir='ltr'><strong>benivolentia</strong></span> <span class='ocrx_word' id='word_1_154' title='bbox 324 2699 407 2747; x_wconf 92' lang='lat' dir='ltr'><strong>cum</strong></span> <span class='ocrx_word' id='word_1_155' title='bbox 425 2675 563 2774; x_wconf 91' lang='lat' dir='ltr'><strong>populo</strong></span> <span class='ocrx_word' id='word_1_156' title='bbox 585 2674 796 2762; x_wconf 87' lang='lat' dir='ltr'><strong>decertavit,</strong></span> <span class='ocrx_word' id='word_1_157' title='bbox 818 2675 1069 2774; x_wconf 84' lang='lat' dir='ltr'><strong>decrevitque,</strong></span> <span class='ocrx_word' id='word_1_158' title='bbox 1094 2694 1135 2750; x_wconf 93' lang='lat' dir='ltr'><strong>ut</strong></span> 
     </span>
     <span class='ocr_line' id='line_1_22' title="bbox 67 2790 1135 2888; baseline 0.003 -28"><span class='ocrx_word' id='word_1_159' title='bbox 67 2791 208 2886; x_wconf 89' lang='lat' dir='ltr'><strong>publice</strong></span> <span class='ocrx_word' id='word_1_160' title='bbox 230 2790 465 2862; x_wconf 88' lang='lat' dir='ltr'><strong>laudarentur</strong></span> <span class='ocrx_word' id='word_1_161' title='bbox 484 2790 665 2877; x_wconf 88' lang='lat' dir='ltr'><strong>civitates,</strong></span> <span class='ocrx_word' id='word_1_162' title='bbox 684 2815 763 2888; x_wconf 87' lang='lat' dir='ltr'><strong>quae</strong></span> <span class='ocrx_word' id='word_1_163' title='bbox 782 2791 994 2861; x_wconf 89' lang='lat' dir='ltr'><strong>Ciceronem</strong></span> <span class='ocrx_word' id='word_1_164' title='bbox 1012 2790 1135 2863; x_wconf 59' lang='lat' dir='ltr'><strong>burna³</strong></span> 
     </span>
     <span class='ocr_line' id='line_1_23' title="bbox 68 2900 1135 3003; baseline 0.002 -29"><span class='ocrx_word' id='word_1_165' title='bbox 68 2907 158 2977; x_wconf 87' lang='lat' dir='ltr'><strong>niter</strong></span> <span class='ocrx_word' id='word_1_166' title='bbox 173 2900 415 3003; x_wconf 82' lang='lat' dir='ltr'><strong>accepissent3</strong></span> <span class='ocrx_word' id='word_1_167' title='bbox 430 2918 473 2975; x_wconf 91' lang='lat' dir='ltr'><strong>ut</strong></span> <span class='ocrx_word' id='word_1_168' title='bbox 492 2902 640 2991; x_wconf 91' lang='lat' dir='ltr'><strong>domus,</strong></span> <span class='ocrx_word' id='word_1_169' title='bbox 661 2917 697 2975; x_wconf 90' lang='lat' dir='ltr'><strong>et</strong></span> <span class='ocrx_word' id='word_1_170' title='bbox 712 2904 802 2974; x_wconf 84' lang='lat' dir='ltr'><strong>villae</strong></span> <span class='ocrx_word' id='word_1_171' title='bbox 822 2904 899 3000; x_wconf 88' lang='lat' dir='ltr'><strong>ejus</strong></span> <span class='ocrx_word' id='word_1_172' title='bbox 920 2902 1070 3001; x_wconf 88' lang='lat' dir='ltr'><strong>publico</strong></span> <span class='ocrx_word' id='word_1_173' title='bbox 1086 2908 1135 2976; x_wconf 55' lang='lat' dir='ltr'><strong>in*</strong></span> 
     </span>
     <span class='ocr_line' id='line_1_24' title="bbox 71 3018 1134 3118; baseline 0.004 -30"><span class='ocrx_word' id='word_1_174' title='bbox 71 3035 313 3092; x_wconf 84' lang='lat' dir='ltr'><strong>staurarentur</strong></span> <span class='ocrx_word' id='word_1_175' title='bbox 341 3034 498 3118; x_wconf 87' lang='lat' dir='ltr'><strong>sumptu.</strong></span> <span class='ocrx_word' id='word_1_176' title='bbox 529 3018 648 3090; x_wconf 91' lang='lat' dir='ltr'><strong>Rediit</strong></span> <span class='ocrx_word' id='word_1_177' title='bbox 675 3044 735 3089; x_wconf 86' lang='lat' dir='ltr'><strong>xvr</strong></span> <span class='ocrx_word' id='word_1_178' title='bbox 769 3034 1134 3117; x_wconf 69' lang='lat' dir='ltr'><strong>mense,pos‚tquam</strong></span> 
     </span>
     <span class='ocr_line' id='line_1_25' title="bbox 72 3133 1247 3232; baseline 0.003 -29"><span class='ocrx_word' id='word_1_179' title='bbox 72 3134 163 3207; x_wconf 88' lang='lat' dir='ltr'><strong>Urbe</strong></span> <span class='ocrx_word' id='word_1_180' title='bbox 186 3135 323 3232; x_wconf 88' lang='lat' dir='ltr'><strong>ejectus</strong></span> <span class='ocrx_word' id='word_1_181' title='bbox 344 3133 478 3222; x_wconf 86' lang='lat' dir='ltr'><strong>fuerat,</strong></span> <span class='ocrx_word' id='word_1_182' title='bbox 501 3135 539 3204; x_wconf 90' lang='lat' dir='ltr'><strong>in</strong></span> <span class='ocrx_word' id='word_1_183' title='bbox 560 3148 763 3231; x_wconf 90' lang='lat' dir='ltr'><strong>senatuque</strong></span> <span class='ocrx_word' id='word_1_184' title='bbox 784 3133 1049 3230; x_wconf 90' lang='lat' dir='ltr'><strong>aliquantulum</strong></span> <span class='ocrx_word' id='word_1_185' title='bbox 1070 3134 1135 3207; x_wconf 71' lang='lat' dir='ltr'><strong>flo·</strong></span> <span class='ocrx_word' id='word_1_186' title='bbox 1244 3181 1247 3187; x_wconf 73' lang='grc'><em>·</em></span> 
     </span>
     <span class='ocr_line' id='line_1_26' title="bbox 74 3246 1133 3347; baseline 0.004 -29"><span class='ocrx_word' id='word_1_187' title='bbox 74 3251 151 3338; x_wconf 87' lang='lat' dir='ltr'><strong>mit,</strong></span> <span class='ocrx_word' id='word_1_188' title='bbox 172 3274 249 3346; x_wconf 91' lang='lat' dir='ltr'><strong>quo</strong></span> <span class='ocrx_word' id='word_1_189' title='bbox 265 3263 427 3347; x_wconf 89' lang='lat' dir='ltr'><strong>tempore</strong></span> <span class='ocrx_word' id='word_1_190' title='bbox 443 3247 488 3318; x_wconf 88' lang='lat' dir='ltr'><strong>ad</strong></span> <span class='ocrx_word' id='word_1_191' title='bbox 506 3247 700 3318; x_wconf 91' lang='lat' dir='ltr'><strong>Lentulum</strong></span> <span class='ocrx_word' id='word_1_192' title='bbox 723 3247 831 3344; x_wconf 90' lang='lat' dir='ltr'><strong>primi</strong></span> <span class='ocrx_word' id='word_1_193' title='bbox 854 3246 937 3318; x_wconf 91' lang='lat' dir='ltr'><strong>libri</strong></span> <span class='ocrx_word' id='word_1_194' title='bbox 955 3250 1133 3347; x_wconf 86' lang='lat' dir='ltr'><strong>Epistolas</strong></span> 
     </span>
     <span class='ocr_line' id='line_1_27' title="bbox 76 3361 1133 3463; baseline 0.002 -29"><span class='ocrx_word' id='word_1_195' title='bbox 76 3367 230 3463; x_wconf 84' lang='lat' dir='ltr'><strong>scripsit:</strong></span> <span class='ocrx_word' id='word_1_196' title='bbox 252 3361 382 3436; x_wconf 87' lang='lat' dir='ltr'><strong>deinde</strong></span> <span class='ocrx_word' id='word_1_197' title='bbox 403 3363 563 3434; x_wconf 91' lang='lat' dir='ltr'><strong>Ciliciam</strong></span> <span class='ocrx_word' id='word_1_198' title='bbox 586 3376 668 3460; x_wconf 92' lang='lat' dir='ltr'><strong>post</strong></span> <span class='ocrx_word' id='word_1_199' title='bbox 689 3362 906 3448; x_wconf 87' lang='lat' dir='ltr'><strong>Lentulum,</strong></span> <span class='ocrx_word' id='word_1_200' title='bbox 923 3377 959 3434; x_wconf 89' lang='lat' dir='ltr'><strong>et</strong></span> <span class='ocrx_word' id='word_1_201' title='bbox 975 3367 1133 3462; x_wconf 80' lang='lat' dir='ltr'><strong>Appium</strong></span> 
     </span>
     <span class='ocr_line' id='line_1_28' title="bbox 77 3476 1132 3583; baseline 0 -31"><span class='ocrx_word' id='word_1_202' title='bbox 77 3481 256 3554; x_wconf 79' lang='lat' dir='ltr'><strong>Claudiurn</strong></span> <span class='ocrx_word' id='word_1_203' title='bbox 272 3479 486 3565; x_wconf 88' lang='lat' dir='ltr'><strong>Pulchrum,</strong></span> <span class='ocrx_word' id='word_1_204' title='bbox 505 3480 730 3578; x_wconf 88' lang='lat' dir='ltr'><strong>provinciam</strong></span> <span class='ocrx_word' id='word_1_205' title='bbox 754 3476 932 3567; x_wconf 91' lang='lat' dir='ltr'><strong>obtinuit,</strong></span> <span class='ocrx_word' id='word_1_206' title='bbox 956 3479 1054 3583; x_wconf 81' lang='lat' dir='ltr'><strong>unde</strong></span> <span class='ocrx_word' id='word_1_207' title='bbox 1074 3507 1132 3552; x_wconf 85' lang='lat' dir='ltr'><strong>re-</strong></span> 
     </span>
     <span class='ocr_line' id='line_1_29' title="bbox 78 3593 1134 3691; baseline 0.004 -28"><span class='ocrx_word' id='word_1_208' title='bbox 78 3618 208 3686; x_wconf 83' lang='lat' dir='ltr'><strong>versus,</strong></span> <span class='ocrx_word' id='word_1_209' title='bbox 234 3595 329 3668; x_wconf 92' lang='lat' dir='ltr'><strong>bella</strong></span> <span class='ocrx_word' id='word_1_210' title='bbox 347 3594 463 3667; x_wconf 83' lang='lat' dir='ltr'><strong>civilia</strong></span> <span class='ocrx_word' id='word_1_211' title='bbox 482 3594 579 3665; x_wconf 90' lang='lat' dir='ltr'><strong>inter</strong></span> <span class='ocrx_word' id='word_1_212' title='bbox 596 3596 772 3665; x_wconf 85' lang='lat' dir='ltr'><strong>Caesarem</strong></span> <span class='ocrx_word' id='word_1_213' title='bbox 788 3607 824 3664; x_wconf 90' lang='lat' dir='ltr'><strong>et</strong></span> <span class='ocrx_word' id='word_1_214' title='bbox 845 3595 1059 3691; x_wconf 90' lang='lat' dir='ltr'><strong>Pompeium</strong></span> <span class='ocrx_word' id='word_1_215' title='bbox 1082 3593 1134 3667; x_wconf 71' lang='lat' dir='ltr'><strong>of·</strong></span> 
     </span>
    </p>

    <p class='ocr_par' dir='ltr' id='par_1_5' title="bbox 10 3707 1132 3921">
     <span class='ocr_line' id='line_1_30' title="bbox 10 3707 1132 3810; baseline 0.003 -31"><span class='ocrx_word' id='word_1_216' title='bbox 10 3750 11 3754; x_wconf 60' lang='lat'><em>=</em></span> <span class='ocrx_word' id='word_1_217' title='bbox 79 3707 178 3785; x_wconf 87' lang='lat' dir='ltr'><strong>lendit</strong></span> <span class='ocrx_word' id='word_1_218' title='bbox 196 3726 299 3794; x_wconf 77' lang='lat' dir='ltr'><strong>orta:</strong></span> <span class='ocrx_word' id='word_1_219' title='bbox 320 3736 401 3810; x_wconf 81' lang='lat' dir='ltr'><strong>quac</strong></span> <span class='ocrx_word' id='word_1_220' title='bbox 418 3735 477 3781; x_wconf 89' lang='lat' dir='ltr'><strong>res</strong></span> <span class='ocrx_word' id='word_1_221' title='bbox 495 3707 634 3797; x_wconf 87' lang='lat' dir='ltr'><strong>effecit,</strong></span> <span class='ocrx_word' id='word_1_222' title='bbox 654 3723 696 3780; x_wconf 89' lang='lat' dir='ltr'><strong>ut</strong></span> <span class='ocrx_word' id='word_1_223' title='bbox 717 3709 941 3807; x_wconf 89' lang='lat' dir='ltr'><strong>triumphare</strong></span> <span class='ocrx_word' id='word_1_224' title='bbox 965 3735 1039 3781; x_wconf 92' lang='lat' dir='ltr'><strong>non</strong></span> <span class='ocrx_word' id='word_1_225' title='bbox 1064 3737 1132 3809; x_wconf 93' lang='lat' dir='ltr'><strong>po·</strong></span> 
     </span>
     <span class='ocr_line' id='line_1_31' title="bbox 80 3822 1132 3921; baseline 0 -25"><span class='ocrx_word' id='word_1_226' title='bbox 80 3831 187 3917; x_wconf 84' lang='lat' dir='ltr'><strong>tuerit3</strong></span> <span class='ocrx_word' id='word_1_227' title='bbox 216 3826 280 3899; x_wconf 92' lang='lat' dir='ltr'><strong>diu</strong></span> <span class='ocrx_word' id='word_1_228' title='bbox 315 3841 437 3898; x_wconf 89' lang='lat' dir='ltr'><strong>autem</strong></span> <span class='ocrx_word' id='word_1_229' title='bbox 476 3824 522 3896; x_wconf 91' lang='lat' dir='ltr'><strong>ad</strong></span> <span class='ocrx_word' id='word_1_230' title='bbox 556 3823 788 3896; x_wconf 89' lang='lat' dir='ltr'><strong>concordiam</strong></span> <span class='ocrx_word' id='word_1_231' title='bbox 821 3838 1019 3921; x_wconf 89' lang='lat' dir='ltr'><strong>utrumque</strong></span> <span class='ocrx_word' id='word_1_232' title='bbox 1056 3822 1132 3897; x_wconf 82' lang='lat' dir='ltr'><strong>fru-</strong></span> 
     </span>
    </p>

    <p class='ocr_par' dir='ltr' id='par_1_6' title="bbox 10 3937 1131 4037">
     <span class='ocr_line' id='line_1_32' title="bbox 10 3937 1131 4037; baseline 0.004 -29"><span class='ocrx_word' id='word_1_233' title='bbox 10 3960 16 3994; x_wconf 83' lang='lat'>=</span> <span class='ocrx_word' id='word_1_234' title='bbox 80 3953 135 4014; x_wconf 79' lang='lat' dir='ltr'><strong>stra</strong></span> <span class='ocrx_word' id='word_1_235' title='bbox 150 3943 338 4029; x_wconf 86' lang='lat' dir='ltr'><strong>hortatus,</strong></span> <span class='ocrx_word' id='word_1_236' title='bbox 361 3937 736 4037; x_wconf 80' lang='lat' dir='ltr'><strong>Pompeiumtandem</strong></span> <span class='ocrx_word' id='word_1_237' title='bbox 755 3953 933 4035; x_wconf 89' lang='lat' dir='ltr'><strong>sequutus</strong></span> <span class='ocrx_word' id='word_1_238' title='bbox 951 3953 1030 4008; x_wconf 87' lang='lat' dir='ltr'><strong>est:</strong></span> <span class='ocrx_word' id='word_1_239' title='bbox 1055 3964 1131 4036; x_wconf 89' lang='lat' dir='ltr'><strong>quo</strong></span> 
     </span>
    </p>

    <p class='ocr_par' dir='ltr' id='par_1_7' title="bbox 10 4051 1133 4155">
     <span class='ocr_line' id='line_1_33' title="bbox 10 4051 1133 4155; baseline 0.002 -31"><span class='ocrx_word' id='word_1_240' title='bbox 10 4066 20 4077; x_wconf 86' lang='grc'><strong>“</strong></span> <span class='ocrx_word' id='word_1_241' title='bbox 80 4057 175 4148; x_wconf 81' lang='lat' dir='ltr'><strong>ricto,</strong></span> <span class='ocrx_word' id='word_1_242' title='bbox 195 4074 232 4130; x_wconf 88' lang='lat' dir='ltr'><strong>et</strong></span> <span class='ocrx_word' id='word_1_243' title='bbox 246 4057 386 4142; x_wconf 90' lang='lat' dir='ltr'><strong>occiso,</strong></span> <span class='ocrx_word' id='word_1_244' title='bbox 405 4080 470 4155; x_wconf 94' lang='lat' dir='ltr'><strong>per</strong></span> <span class='ocrx_word' id='word_1_245' title='bbox 489 4051 715 4129; x_wconf 89' lang='lat' dir='ltr'><strong>Dolabellam</strong></span> <span class='ocrx_word' id='word_1_246' title='bbox 739 4079 915 4152; x_wconf 85' lang='lat' dir='ltr'><strong>generum</strong></span> <span class='ocrx_word' id='word_1_247' title='bbox 936 4078 1042 4125; x_wconf 92' lang='lat' dir='ltr'><strong>suum</strong></span> <span class='ocrx_word' id='word_1_248' title='bbox 1064 4059 1133 4126; x_wconf 85' lang='lat' dir='ltr'><strong>Cae-</strong></span> 
     </span>
    </p>
   </div>
   <div class='ocr_carea' id='block_1_3' title="bbox 0 0 1348 4800">
    <p class='ocr_par' dir='ltr' id='par_1_8' title="bbox 0 0 1348 4800">
     <span class='ocr_line' id='line_1_34' title="bbox 0 0 1348 4800; baseline 0 0"><span class='ocrx_word' id='word_1_249' title='bbox 0 0 1348 4800; x_wconf 95' lang='lat' dir='ltr'><strong> </strong></span> 
     </span>
    </p>
   </div>
  </div>
 </body>
</html>
