2656 5256
921 478 930 507 l

75 27 1324 395 -

647 474 655 491 ἱ
755 459 757 463 ,

209 848 252 918 16
526 849 574 917 Μ.
601 851 640 918 Τ.
666 849 947 920 CICERONIS

107 1050 111 1055 ,
204 985 243 1041 et
258 967 388 1045 acerbe
406 970 562 1038 nimium
577 992 708 1064 magno
723 967 866 1038 silentio
880 982 935 1039 est
947 978 1157 1040 accusatus:
1176 971 1278 1040 visus

203 1095 259 1150 est
273 1078 363 1149 mihi
376 1077 612 1149 vehementer
626 1101 704 1149 esse
720 1073 1005 1175 perturbatus¹⁸.
1024 1084 1152 1176 ltaque
1168 1080 1277 1150 Alex·
1322 1150 1324 1161 ,

203 1188 358 1260 andrina
385 1210 514 1273 causa,
539 1213 622 1285 quae
646 1187 754 1258 nobis
778 1187 901 1259 adhuc
926 1191 1066 1287 integra
1087 1203 1143 1261 est
1162 1188 1277 1285 (nihil

204 1301 303 1369 enim
328 1298 394 1369 tibi
417 1297 573 1368 detraxit
594 1312 741 1367 senatus
755 1306 799 1384 ¹⁹,
819 1300 887 1368 nisi
907 1296 964 1385 id,
976 1297 1079 1395 quod
1097 1322 1166 1397 per
1181 1321 1279 1369 eam·

206 1407 291 1478 dem
315 1407 527 1503 religionem
553 1401 630 1475 dari
654 1406 758 1476 alteri
784 1429 859 1476 non
882 1405 1040 1503 potest),
1064 1404 1213 1478 videtur
1230 1406 1278 1478 ab
1312 1466 1324 1493 .,

206 1517 269 1587 illo
296 1515 402 1614 plane
425 1539 504 1601 esse
532 1513 708 1612 deposita.
739 1517 847 1588 Nunc
871 1514 909 1585 id
934 1540 1139 1613 speramus,
1163 1514 1279 1614 idque
1315 1554 1320 1589 ε

206 1626 393 1713 molimur,
413 1639 474 1711 ut,
490 1649 606 1720 quum
628 1649 690 1694 rex
708 1624 904 1722 intelligat,
920 1649 996 1696 sese
1010 1623 1072 1712 id,
1094 1624 1198 1723 quod
1216 1650 1277 1696 co·
1317 1636 1324 1677 ·'

207 1733 360 1833 gitabat,
378 1748 420 1804 ut
434 1758 456 1804 a
472 1736 648 1831 Pompeio
669 1732 880 1821 reducatur,
897 1737 1041 1831 assequi
1059 1759 1135 1806 non
1154 1759 1279 1832 posse,

206 1861 264 1933 et,
286 1846 357 1915 nisi
380 1868 445 1942 per
468 1857 504 1914 te
527 1846 574 1913 sit
595 1845 802 1932 restitutus,
828 1842 1010 1915 desertum
1032 1869 1070 1915 se
1090 1859 1203 1940 atque
1222 1842 1280 1915 ab

204 1958 343 2052 jectum
359 1951 457 2038 fore,
470 1950 722 2050 proficiscatur
736 1951 783 2023 ad
800 1967 847 2024 te.
864 1952 975 2043 Quod
990 1956 1069 2024 sine
1083 1953 1156 2024 ulla
1172 1952 1281 2025 dubi·

210 2067 366 2151 tatione,
391 2066 420 2134 si
445 2065 640 2160 Pompeius
661 2064 826 2160 paullum
846 2062 958 2134 modo
985 2064 1186 2136 ostenderit
1208 2063 1280 2136 sibi
1317 2062 1321 2069 ’

209 2176 368 2273 placere,
380 2172 495 2244 faciet.
507 2171 576 2243 Sed
586 2175 682 2242 nosti
696 2171 856 2243 hominis
867 2173 1071 2246 tarditatem
1083 2187 1120 2245 et
1129 2177 1282 2245 tacitur-

210 2289 456 2357 nitatemNos
470 2298 590 2354 tamen
607 2282 822 2380 nihil,quod
838 2284 884 2355 ad
900 2309 978 2356 eam
994 2308 1071 2357 rem
1085 2283 1284 2384 pertineat,

210 2396 518 2494 praetermittimus
531 2405 575 2463 ²⁰.
611 2397 768 2464 Caeteris'
782 2396 946 2490 injuriis,
973 2420 1055 2493 quae
1083 2398 1283 2494 propositae

210 2519 297 2576 sunt
318 2529 340 2575 a
360 2509 515 2592 Catone,
533 2501 655 2592 facile,
676 2517 718 2574 ut
734 2528 858 2602 spero,
875 2509 1092 2576 resistemus.
1111 2510 1283 2577 Amicum

213 2642 259 2687 ex
287 2613 539 2686 consularibus
572 2616 757 2685 neminem
789 2613 857 2686 tibi
888 2641 965 2688 esse
991 2614 1119 2703 rideo,
1149 2629 1285 2714 praeter

212 2727 446 2795 Hortensium
468 2738 504 2793 et
525 2724 739 2796 Lucullum:
758 2729 874 2796 caeteri
893 2738 979 2796 sunt
997 2729 1129 2824 partim
1152 2725 1287 2798 obscu-

213 2836 288 2903 rius
312 2834 446 2929 iniqui,
470 2835 602 2929 partim
629 2858 705 2904 non
729 2832 999 2907 dissimulanter
1023 2839 1114 2907 irati.
1142 2841 1198 2906 Tu
1228 2835 1287 2908 fac

213 2944 337 3013 animo
356 2938 440 3012 sorti
459 2966 665 3040 magnoque
682 2944 748 3029 sis,
768 2969 962 3042 speresque
979 2942 1074 3031 fore,
1091 2960 1151 3034 ut,
1168 2944 1287 3016 iracto

214 3055 354 3149 impetu
381 3050 589 3120 levissimi²¹
615 3050 796 3140 hominis,
823 3067 923 3125 tuam
949 3057 1137 3152 pristinam
1162 3053 1287 3151 digni·

216 3179 326 3237 tatem
349 3179 386 3234 et
409 3163 559 3260 gloriam
587 3188 821 3261 consequare.
1037 3156 1040 3163 ’

256 3395 295 3443 18.
313 3393 480 3442 Perturbatus.
499 3391 557 3440 Non
580 3403 642 3448 tem,
662 3391 731 3456 quod
774 3387 877 3435 omnIno
899 3387 1014 3437 omnibns
1037 3390 1178 3454 ademptum
1201 3389 1288 3439 existi·

217 3491 301 3539 aspere
312 3484 336 3522 et
349 3471 436 3520 acerbe
447 3483 574 3519 accusatus
587 3482 671 3519 esset·
681 3474 730 3520 c·-
774 3483 840 3514 mare
852 3467 934 3516 debes.
947 3471 1022 3520 Mu.

217 3564 370 3615 tooe‚qnam
386 3551 453 3616 quod
467 3562 606 3599 senatorum
621 3552 731 3599 omnium
811 3563 853 3595 πο.
870 3549 935 3597 Ante
955 3547 1093 3596 Ernestinm
1117 3548 1163 3595 sic:
1184 3547 1228 3596 ille
1248 3564 1287 3598 re·

218 3648 307 3695 magno
320 3631 425 3678 silentio.
437 3632 509 3680 Mart.
771 3627 869 3692 scripsit
877 3627 1101 3690 praeeminemus.
1117 3631 1142 3677 J.
1151 3629 1184 3675 V.
1198 3630 1229 3677 L.

257 3708 520 3772 19.Nititenimribi
536 3708 646 3756 denarie
661 3723 730 3755 sena·
809 3721 851 3753 ar.
869 3706 999 3753 Levissimi.
1013 3706 1072 3754 Ideo
1089 3723 1130 3770 ep.
1149 3722 1178 3763 2,
1197 3706 1243 3754 lib.
1257 3709 1289 3765 1,

219 3802 266 3838 tos.
286 3787 392 3835 Dederat
410 3788 470 3846 tibi,
491 3799 518 3835 ut
535 3804 616 3851 regem
629 3787 729 3834 reduce·
773 3785 804 3834 ad
814 3789 933 3835 Fratrem:
943 3789 1023 3834 «Cato
1032 3785 1184 3843 adolescens,
1193 3785 1289 3834 nullius

219 3883 273 3916 res:
284 3866 311 3913 id
322 3876 405 3931 postca
415 3882 466 3913 non
476 3866 596 3923 detraxit,
605 3866 648 3914 sed
661 3883 731 3914 exer·
774 3865 899 3913 consilii».
914 3868 945 3913 Et
961 3866 1109 3914 Fenestella:
1130 3888 1141 3908 ι
1152 3867 1216 3914 Cato
1229 3865 1292 3914 edo·

146 3975 152 3981 -
220 3948 315 3996 citum:
339 3962 411 4010 quem
435 3961 486 3994 non
507 3956 556 3994 tarn
578 3945 638 4009 tibi,
657 3962 730 4011 quam
774 3944 1061 4004 lemens,torbulentus‚
1075 3943 1229 3994 creoda».

578 4198 918 4227 ...Φ-
