2678 4800
383 394 659 475 EPISTOLAE,
676 396 710 477 I,
728 416 760 485 7.
1064 421 1107 490 ¹0

10 496 12 507 Ι
61 518 152 586 nostri
169 513 357 612 quondam
381 512 491 584 luisse
508 515 712 593 rationem:
735 527 792 600 ut,
815 539 907 610 quos
930 529 970 585 tu
987 519 1108 614 reipu-

59 625 140 697 blicae
160 648 266 696 causa
285 624 442 711 laeseras,
465 623 582 721 palam
601 638 635 694 te
651 640 925 721 oppugnarent3
946 651 1106 722 quorum

57 738 288 806 auctoritatem
302 788 312 822 ,
325 731 551 831 dignitatem,
563 734 863 831 voluntatemque
878 734 1109 825 defenderas,

58 871 115 916 non
138 861 211 917 tam
237 869 415 915 memores
442 858 563 916 essent
580 847 724 914 virtutis
747 859 834 931 tuae,
857 870 967 941 quam
992 848 1108 920 laudis

57 959 185 1027 inimici.
200 958 285 1047 Quo
300 953 451 1052 quidem
468 969 653 1052 tempore,
669 967 710 1024 ut
725 958 917 1053 perscripsi
934 955 980 1027 ad
997 972 1032 1029 to
1045 982 1109 1031 an·

59 1079 116 1151 teo,
137 1067 290 1161 cognovi
304 1067 536 1136 Hortensium
555 1063 798 1161 percupidum
813 1068 885 1150 tui,
903 1066 1109 1141 studiosum

59 1175 303 1261 Lucullum3ex
313 1171 579 1269 magistratibus
591 1187 713 1244 autem
724 1175 1110 1250 L.Ilaeillium⁴etfide

24 1366 31 1377 ι
60 1299 86 1354 et
99 1280 238 1355 animo⁵
262 1285 447 1381 singulari.
468 1288 560 1356 Nam
579 1298 702 1354 nostra
721 1288 966 1381 propugnatio
985 1312 1027 1358 ac
1043 1285 1109 1360 de·

60 1389 153 1464 lensio
169 1390 355 1490 dignitatis
369 1407 458 1481 tuoe,
473 1407 624 1490 propter
634 1393 923 1489 magnitudinem
937 1395 1108 1471 beneficii

61 1505 115 1588 lui,
135 1501 285 1574 fortasse
309 1502 493 1601 plerisque
509 1498 648 1573 officii⁶
666 1503 838 1597 majorem
857 1511 1109 1581 auctoritatem

10 1638 14 1701 μ
62 1610 170 1684 lnbere
198 1612 381 1700 videatur,
403 1636 513 1708 quam
537 1613 734 1683 seutentiae.
758 1618 931 1684 Praeterea
958 1615 1108 1712 quidem

10 1708 15 1803 l
61 1720 92 1793 de
104 1723 353 1794 consularibus
370 1724 508 1794 nemini
522 1747 672 1820 possum
684 1737 748 1794 aut
763 1723 874 1794 studii
887 1749 972 1823 erga
985 1740 1033 1815 te,
1046 1744 1111 1801 aut
1175 1757 1177 1762 ⁸

60 1828 164 1918 officil,
180 1847 245 1902 aut
258 1835 364 1903 amici
377 1835 489 1903 animi
506 1857 582 1903 esse
597 1836 708 1904 testis.
724 1836 867 1904 Etenim
881 1840 1108 1935 Pompeium,

59 1945 105 2036 qui
121 1966 263 2013 mecum
280 1945 493 2040 sepissime,
515 1965 591 2013 non
613 1944 732 2014 solum
752 1968 773 2015 a
795 1969 853 2015 me
869 1963 1109 2042 provocatus,

60 2051 105 2123 sed
118 2055 224 2124 etiam
247 2076 312 2122 sua
332 2067 462 2149 sponte
484 2051 529 2123 de
548 2067 584 2123 te
605 2055 875 2124 communicare
894 2054 1003 2143 solet,
1018 2059 1109 2139 scis,

10 2140 15 2315 ι
59 2161 264 2261 temporibus
280 2162 350 2233 illis
369 2187 444 2233 non
458 2186 550 2259 saepe
566 2165 604 2230 in
623 2176 752 2232 senatu
767 2159 910 2232 fuisser.
934 2168 1000 2235 Cui
1023 2170 1108 2262 qui·

58 2268 122 2343 dem
145 2273 256 2343 literon
275 2286 363 2357 tuae,
387 2295 477 2368 quos
499 2273 664 2368 proxime
687 2274 852 2358 miseras,
874 2273 976 2369 quod
1002 2273 1107 2349 facile

11 2440 14 2447 .
57 2382 292 2470 intellexerim,
305 2380 540 2479 perjucundae
556 2380 707 2454 suerunt
721 2408 728 2450 :
744 2381 834 2452 mihi
850 2383 1022 2480 quidem⁸
1037 2387 1106 2459 hu·

58 2494 188 2562 monitos
200 2505 281 2576 tua,
292 2490 349 2561 vel
362 2516 504 2561 summa
515 2494 636 2588 potius
650 2494 837 2590 sapientia,
853 2516 928 2563 non
940 2495 1104 2590 jucunda

84 2702 102 2749 l.
117 2697 156 2743 Ex
165 2691 347 2760 magistratibus
366 2696 394 2743 L.
408 2693 545 2741 flacillium.
590 2694 648 2742 nime
666 2705 745 2758 entem
763 2706 847 2743 monet
864 2697 888 2744 J.
898 2699 931 2744 V.
946 2699 974 2745 L.
991 2699 1102 2763 potuisse
1170 2741 1173 2747 .

55 2773 154 2837 loquitor
168 2774 200 2822 de
213 2770 393 2836 magistratibus
404 2775 462 2820 anni
473 2790 544 2837 supe·
589 2773 686 2821 eosdem
697 2774 808 2821 tribunos
822 2774 868 2821 snb
882 2774 984 2824 diversis
998 2779 1103 2827 oonsuli-

56 2851 125 2903 noo'r:
148 2854 211 2902 dixit
235 2854 315 2910 enim,
338 2853 419 2915 “Quo
445 2853 544 2915 quidem
588 2852 635 2899 bus
656 2853 779 2900 existere:
805 2868 861 2900 nom
885 2854 979 2902 tribuni
1000 2857 1100 2923 quidem

57 2940 177 2996 tenpore-3
190 2942 214 2979 et
225 2932 302 2988 infre,
316 2931 500 2995 «Temporibus
514 2933 544 2980 il·
589 2931 671 2978 medio
702 2932 751 2978 lere
777 2931 905 2979 decembre
935 2934 1099 2997 maglotrotnm

55 3004 100 3067 lon,
115 3011 139 3059 id
157 3005 209 3067 eit,
227 3009 371 3057 Marcellino
389 3020 413 3055 et
430 3010 545 3073 Philippo
589 3009 692 3055 inibant.
719 3012 796 3057 lmmo
815 3011 961 3074 potuitlnaec
979 3014 1031 3078 ipsa
1047 3017 1098 3080 epi.

55 3090 183 3139 conalibus.
213 3085 333 3136 Racillius
356 3100 437 3135 nutem
458 3089 545 3137 eodem
589 3087 651 3135 stolo
665 3087 781 3152 Philippo
794 3100 817 3136 et
831 3086 979 3138 Marcellino
991 3095 1098 3149 oonsuli-

54 3181 113 3227 tono,
134 3186 184 3235 quo
206 3170 303 3230 Lupus,
332 3167 443 3215 tribunus
464 3168 543 3232 plebis
587 3166 645 3225 bns,
662 3182 721 3215 ann.
735 3169 796 3229 697,
809 3160 891 3215 ierint.
906 3170 952 3216 En.

55 3246 271 3307 tuinmcomutex
283 3245 385 3308 epistole
396 3247 473 3308 prima
486 3246 542 3294 libri
623 3247 646 3293 5.
664 3244 762 3292 Lallem.
780 3255 838 3309 post
862 3245 971 3297 Lernbio.
992 3248 1049 3300 edd.
1070 3254 1096 3301 in

53 3327 101 3375 llud
111 3331 141 3390 Q.
151 3329 267 3389 Fratrem.
282 3327 378 3387 Lupum
391 3339 450 3370 vero
464 3324 542 3372 tribu·
586 3335 617 3372 te.
631 3325 693 3373 LV.
705 3326 732 3371 L.

52 3419 94 3454 nnn
106 3407 184 3473 plebis
198 3405 282 3462 luisse,
296 3402 439 3450 Marcellino
449 3413 473 3449 et
485 3404 541 3451 Phi·
622 3404 647 3450 6.
667 3398 760 3466 Officii.
775 3405 863 3452 Favere
876 3421 914 3453 me
926 3406 970 3454 tibi
979 3442 986 3467 ‚
995 3408 1096 3461 sortasse

50 3482 103 3551 lippo
119 3484 273 3540 consulibus,
293 3482 365 3547 plone
385 3482 542 3545 cognoscitur
585 3481 696 3528 homines
714 3480 874 3542 arbitrantur,
898 3501 948 3533 non
971 3489 1039 3549 qnod
1059 3491 1094 3539 ita

10 3586 12 3607 ι
49 3567 139 3630 exepist.
152 3581 162 3612 1
175 3575 235 3613 eto.
245 3563 302 3610 Non
316 3572 396 3626 potest
409 3561 484 3624 igitur
493 3561 541 3608 hoc
584 3561 701 3620 sentium,
714 3561 835 3624 sedqnod
850 3562 969 3612 beneficio
984 3577 1028 3614 tuo
1044 3571 1093 3616 vin·

47 3657 97 3692 nono
106 3644 222 3694 Recillins
240 3641 388 3690 tribunatum
407 3639 486 3703 plebis
500 3655 540 3702 ge·
584 3639 767 3702 etus,ingrotus
782 3657 832 3688 esse
843 3657 893 3689 non
907 3645 1009 3707 possim.
1022 3647 1092 3697 Mirr.

44 3739 98 3784 rere,
112 3721 303 3788 quumepistolo
317 3719 406 3783 scripto
422 3721 454 3766 sit
468 3720 539 3765 Pom·
621 3735 644 3778 7.
672 3719 730 3764 Non
754 3736 819 3782 sape
843 3719 868 3767 r'n
896 3734 982 3769 serram
1001 3720 1090 3788 [μίσει.

42 3803 89 3865 peio
100 3812 124 3852 et
135 3804 221 3851 Crasso
232 3804 256 3848 11
269 3815 333 3847 coss.
345 3808 402 3863 post
415 3797 539 3845 decretum
584 3797 714 3859 Postquam
730 3813 744 3844 ι
760 3797 788 3845 C.
798 3801 891 3848 Catone
902 3813 1029 3850 accusatus
1041 3806 1092 3853 sue·

38 3883 117 3931 cmi
133 3879 297 3946 stipendium,
318 3889 342 3926 et
358 3887 457 3925 auctum
475 3877 539 3939 lega·
583 3885 636 3931 rat,
657 3887 681 3922 et
699 3894 711 3922 u
734 3876 824 3924 Clodio
843 3880 960 3928 conviciis
980 3883 1090 3944 agitatus.

34 3965 109 4009 torum
121 3974 259 4009 namnum:
268 3974 322 4022 quae
335 3959 397 4005 lacto
406 3973 457 4004 esse
466 3958 539 4004 Pom·
583 3953 642 4002 Vid.
656 3971 711 4018 sup.
726 3972 765 4020 ep.
779 3957 802 4004 5.
816 3958 892 4005 Creu.

31 4042 78 4106 peii
90 4053 114 4090 et
128 4041 208 4092 Cnosi
219 4038 329 4087 mundo
344 4036 479 4096 consulatu,
488 4038 539 4099 Ap-
620 4035 644 4080 8.
657 4034 732 4081 Abest
744 4035 840 4098 quedem
853 4054 866 4082 u
878 4036 951 4085 codd.
963 4039 1090 4090 Dresdens.

26 4123 115 4186 planus
123 4131 146 4167 et
157 4119 206 4166 Dio
216 4118 315 4166 docent.
324 4117 397 4165 Mon.
409 4143 441 4152 -
450 4115 541 4163 Rectis·
586 4112 690 4162 duobus.
704 4114 768 4162 LV.
785 4117 810 4160 L.

966 4232 998 4273 2.
