2678 4800
230 403 275 448 oo
552 383 600 448 M.
627 383 664 449 T.
692 384 974 452 CICERONIS

230 500 361 589 solum,
378 501 561 574 sedetiam
579 503 800 575 admirabilis
814 507 888 575 visa
904 519 969 575 est.
982 507 1110 575 Virum
1126 507 1223 577 enim
1238 530 1298 576 ex·

230 612 441 699 cedentem,
458 628 495 683 et
517 613 583 684 tibi
608 629 669 685 tua
692 618 874 712 prestanti
899 618 936 683 in
957 638 1042 684 eum
1061 612 1298 686 liberalitate⁹

227 720 454 810 devinctum,
468 722 635 793 nonnihil
650 728 913 822 suspicantem,
924 738 1074 821 propter
1086 723 1294 820 aliquorum

225 835 437 929 opinionem
447 858 519 903 suae
529 833 784 932 cupiditatum,
798 849 833 905 te
846 833 912 904 abs
921 859 958 905 se
972 832 1230 919 abalienatum,
1238 834 1296 903 illa

226 943 377 1040 epistola
401 945 590 1013 retinuisti.
622 947 694 1034 Qui
711 943 800 1013 mihi
821 969 937 1040 quum
954 968 1096 1042 semper
1112 959 1182 1014 tuae
1198 943 1295 1014 laudi

225 1050 344 1124 lavere
357 1055 456 1122 visus
469 1067 541 1137 est,
557 1055 664 1125 etiarn
679 1057 757 1150 ipso
777 1055 1077 1149 suspiciosissimo
1088 1063 1115 1096 ¹¹
1132 1068 1297 1150 tempore

227 1166 447 1250 Caninion03
461 1177 539 1232 tum
554 1187 660 1250 vero,
671 1163 772 1233 lectis
789 1165 861 1232 tuis
876 1162 1001 1247 literis,
1016 1175 1229 1258 perspectus
1243 1176 1296 1231 est

227 1298 249 1343 a
263 1297 338 1359 me,
355 1286 433 1341 toto
449 1275 572 1342 animo
590 1271 635 1342 de
649 1286 704 1360 tc,
720 1296 762 1343 ac
776 1270 821 1342 de
836 1274 908 1342 tuis
919 1274 1141 1344 ornamentis
1154 1285 1192 1341 et
1205 1295 1297 1341 com·

229 1381 347 1453 modis
370 1385 538 1478 cogitare.
559 1386 680 1473 Quare
702 1406 761 1469 ea,
778 1407 860 1479 quoe
880 1381 1052 1469 scribam,
1071 1385 1122 1452 sic
1144 1379 1297 1468 habeto,

229 1518 306 1580 me,
327 1518 410 1564 cum
434 1492 497 1562 illo
523 1518 561 1562 re
585 1516 677 1590 serpe
702 1494 985 1579 communicatu,
1002 1490 1047 1561 de
1070 1490 1166 1560 illius
1190 1488 1237 1560 ad
1262 1504 1297 1560 te

227 1607 403 1676 sententia
426 1618 536 1702 atque
559 1606 771 1674 auctoritate
792 1600 974 1672 scribere:
999 1604 1173 1698 quoniam
1195 1623 1297 1670 sena-

227 1714 496 1784 tnsconsultom
527 1712 668 1782 nullunr
700 1722 874 1797 exstat¹²‚
901 1736 977 1807 quo
1008 1709 1172 1779 reductio
1201 1711 1296 1804 regis

227 1821 458 1895 Alexandrini
489 1821 554 1892 tibi
584 1821 753 1919 adempta
782 1818 889 1907 sit¹³;
912 1844 1045 1916 eaque,
1071 1843 1153 1915 quae
1179 1817 1225 1888 de
1255 1842 1297 1888 ea

226 1939 359 2033 scripta
384 1950 456 2017 est,
477 1937 691 2019 auctoritas,
715 1936 773 2002 cui
802 1934 870 2002 scis
899 1934 1135 2001 intercessum
1149 1932 1180 1979 ¹⁴
1199 1952 1296 2013 esse,

228 2060 331 2116 utne
350 2048 432 2141 quis
453 2047 605 2114 omnino
626 2066 748 2139 regem
766 2042 971 2128 reduceret,
988 2053 1123 2110 tantam
1139 2041 1213 2109 vim
1231 2037 1296 2108 lra-

227 2154 311 2242 bet,
340 2169 381 2224 ut
406 2156 519 2250 magis
549 2156 723 2223 iratorum
756 2152 946 2222 hominum
977 2148 1158 2227 studium.
1184 2173 1295 2244 quam

227 2266 427 2335 constantis
440 2277 587 2333 senatus
603 2263 796 2333 consilium
811 2286 888 2333 esse
902 2259 1086 2331 videatur:
1104 2274 1139 2329 te
1154 2261 1296 2356 perspi·

229 2398 310 2445 core
327 2398 444 2470 posse,
457 2376 521 2469 qui
534 2374 694 2444 Ciliciam
707 2367 981 2469 Cyprumque¹⁵
994 2385 1127 2457 teneas,
1139 2368 1231 2466 quid
1247 2367 1299 2439 ef-

228 2481 355 2569 licere,
371 2481 514 2579 etquid
533 2484 707 2578 consequi
731 2485 864 2578 possis;
881 2496 935 2565 et,
957 2484 985 2549 si
1009 2505 1065 2550 res
1087 2478 1298 2550 lacrrltatem

231 2591 397 2662 habitura
424 2590 606 2678 videatur,
630 2605 671 2660 ut
693 2589 943 2661 Alexandriam
968 2603 1078 2685 atque
1102 2591 1299 2685 AEgyptum

229 2715 353 2770 tenere
369 2702 502 2797 possis,
518 2724 595 2770 esse
613 2714 650 2770 ot
668 2714 757 2785 turc,
781 2714 817 2769 et
840 2702 953 2770 nostri
979 2701 1119 2795 imperii
1143 2697 1300 2793 dignita·

231 2814 294 2898 tis,
316 2809 555 2897 Ptolemaide,
576 2825 640 2879 aut
655 2810 779 2906 aliquo
796 2813 1006 2907 propinquo
1023 2808 1103 2878 loco
1121 2831 1203 2904 rege
1221 2809 1298 2878 col·

265 3050 290 3095 9.
315 3030 478 3079 Liberalitate.
498 3029 614 3077 Liberalis
627 3030 653 3076 in
667 3032 739 3077 Pom·
783 3029 814 3077 eb
824 3045 870 3091 eo,
883 3045 938 3077 cum
951 3029 1048 3078 duobus
1057 3041 1151 3079 tantum
1160 3031 1299 3091 lictoribus,

231 3111 312 3174 peium
325 3110 440 3157 Lentulus
450 3109 543 3168 fuerat,
553 3125 629 3172 quum
642 3108 672 3157 de
688 3109 739 3156 lm·
784 3108 949 3158 reduceretur.
964 3111 1034 3157 Mart.

230 3191 344 3237 rnentnrie
351 3190 476 3236 curatione
483 3188 513 3235 ed
520 3204 575 3236 eum
582 3188 740 3235 delerendeet
823 3188 903 3236 nat.
914 3189 977 3236 lor-te
987 3188 1088 3247 medus,
1095 3198 1182 3242 exstet,
1191 3199 1216 3235 et
1229 3204 1297 3246 mox,

230 3279 310 3331 egerat
322 3267 424 3324 consul,
435 3279 460 3315 et
471 3268 618 3315 obtinuerat.
630 3267 739 3330 Epistola
785 3265 882 3314 lrabeat.
894 3269 919 3315 J.
927 3268 958 3313 V.
970 3270 996 3314 Ι..

231 3350 308 3413 prima
323 3347 411 3394 Cicero
426 3346 506 3396 dixit:
521 3369 535 3388 ι
544 3345 619 3408 Quod
634 3362 688 3393 eum
700 3362 740 3393 or·
823 3347 863 3394 13.
873 3345 996 3408 Adempto
1008 3345 1047 3392 sit.
1062 3346 1124 3406 Quae
1135 3344 1181 3392 tibi
1192 3344 1250 3393 dete
1260 3356 1298 3393 eet

230 3426 320 3474 uasti».
334 3427 405 3473 Mu.
785 3441 814 3472 eo
831 3428 856 3473 S.
867 3424 896 3473 C.
907 3424 989 3488 quod,
1012 3435 1037 3472 te
1050 3422 1150 3470 consule
1162 3426 1298 3481 referente,

270 3520 309 3552 ro.
319 3503 462 3568 Opinionem
473 3517 525 3551 snoe
538 3501 684 3565 cupiditatis.
691 3503 739 3549 Or·
785 3504 874 3551 factum
884 3514 931 3551 eet.
945 3501 1018 3551 Men.

233 3596 280 3631 tam
291 3599 320 3631 ex
330 3599 375 3644 eo,
392 3582 461 3645 quod
479 3582 532 3647 ejus
549 3580 677 3628 familiare·
691 3598 741 3628 orn·
825 3591 865 3637 rt.
879 3584 1046 3629 Intercessum.
1056 3583 1078 3628 A
1091 3581 1195 3628 tribunis
1207 3581 1298 3645 plebis,

232 3681 275 3711 nes
294 3663 324 3709 de
341 3678 366 3708 re
383 3660 546 3709 Alexandrina
565 3661 588 3706 ei
606 3658 742 3706 mandenda
785 3675 816 3708 ex
827 3676 877 3725 quo
891 3660 944 3708 lieri
958 3677 1008 3708 nou
1022 3662 1104 3724 potuit
1115 3661 1138 3710 S.
1153 3661 1184 3709 C.
1201 3661 1245 3709 sed
1259 3678 1298 3709 re·

232 3741 384 3789 vehementer
397 3738 581 3786 contenderent.
596 3739 642 3801 Ep.
654 3755 665 3785 r
680 3750 705 3788 et
716 3754 741 3786 2.
786 3740 874 3787 mansit
886 3751 983 3787 senatus
994 3740 1135 3789 auctoritas.
1154 3743 1230 3791 Mau.

271 3837 310 3868 11.
329 3817 539 3883 suspiciosissimo.
560 3818 618 3880 Quo
636 3818 742 3881 euspicio
825 3819 1156 3883 15.([7prumque.Eainsule
1164 3822 1300 3882 provincia

233 3899 335 3947 maxima
367 3897 429 3953 fuit,
463 3897 592 3946 Caninium
618 3896 742 3944 tribunum
786 3896 879 3945 Ciliciae
906 3899 931 3944 in
958 3898 1057 3962 gratiam
1083 3898 1180 3947 Lentuli
1204 3900 1300 3961 adjecta

234 3977 326 4041 plebio,
350 3976 477 4023 inductum
494 3991 507 4021 e
523 3975 654 4039 Pompeio,
675 3991 742 4038 roga·
785 3989 844 4024 erat.
859 3977 943 4024 Cilicio
958 3989 1071 4026 tutemet
1084 3979 1302 4044 CypmuAEgypto

233 4058 324 4102 tionem
344 4056 405 4101 serre
424 4053 543 4113 voluisse,
559 4063 586 4099 ut
599 4053 742 4102 Ptolemaeus
787 4056 873 4103 vicinae
886 4066 951 4104 eunt.
969 4057 1014 4105 Eo.
