2656 5256
145 368 180 442 P.
194 356 471 441 MANUTIUS
494 371 561 439 DE
587 364 879 439 PTOLEMAEO
902 364 1052 445 REGE.
1073 362 1145 459 xvij

89 495 237 563 lisonem
252 491 396 562 mentio
412 485 456 561 fit
474 487 530 561 bis
542 486 690 561 verbis:
709 484 898 559 «studeret
908 484 1103 574 Gabinius,
1115 489 1146 559 si

85 630 173 676 anon
183 606 361 676 acerrime
373 601 530 691 fureret,
542 626 656 701 quam
665 602 893 702 provinciam
903 600 1146 687 Meotidas,

61 815 63 819 ‚
83 743 214 818 «quum
226 732 268 790 et
279 720 498 789 auctoritate
513 731 679 806 senatus,
695 730 734 789 et
745 728 844 787 sorte
857 712 1026 803 baberet,
1038 718 1147 787 inter·

81 837 213 932 aposita
220 830 649 931 religionedeposuisset,
660 854 741 904 eam
754 829 822 903 sibi
838 843 919 901 tum
933 827 1146 915 adsciscere,

79 972 235 1046 «pum,
248 948 394 1020 etiamsi
407 946 536 1046 religio
552 970 630 1019 nou
647 943 860 1045 impediret,
875 967 955 1016 mos
966 943 1146 1039 majorum

79 1078 241 1150 «nmen,
261 1077 302 1134 et
319 1061 505 1162 exempla,
520 1077 559 1134 et
576 1064 792 1161 gravissimae
806 1059 930 1158 legum
948 1082 1066 1159 poenae
1084 1083 1146 1132 ve-

76 1179 404 1263 ctarentlnpostea
415 1200 482 1276 per
492 1181 719 1251 G.Catonem
728 1174 811 1248 trib.
823 1174 874 1273 pl.
884 1173 1029 1271 objecta
1041 1199 1146 1247 sena·

74 1294 262 1391 tnireligio
269 1307 340 1384 est,
352 1290 496 1392 prolato
508 1316 530 1365 e
542 1290 729 1390 Sibyllinis
740 1288 903 1363 versibus
914 1288 1083 1377 oraculo,
1099 1316 1147 1364 oe

71 1404 230 1481 rex'cum
247 1405 486 1479 multitudine
498 1405 696 1480 reducatur
712 1431 721 1474 ε
739 1408 769 1477 si
784 1403 866 1492 fiat,
886 1402 982 1475 malo
995 1404 1146 1504 publico

70 1520 249 1595 lunarum.
267 1526 361 1594 Tum
377 1518 423 1593 fit
437 1521 594 1595 alterum
614 1525 650 1594 S.
671 1522 711 1592 C.
734 1517 915 1592 referente
932 1518 1145 1592 Marcellino

70 1635 221 1708 cdnsule
236 1662 248 1707 t
266 1660 393 1734 regem
408 1658 494 1708 cum
510 1633 746 1708 multitudine
758 1630 884 1706 reduci
899 1632 1145 1733 periculosum

64 1750 282 1851 reipublicae
292 1749 425 1838 videri3
440 1749 596 1838 ddude,
611 1751 696 1848 quis
709 1738 789 1821 sine
805 1752 966 1820 exercitu
978 1746 1147 1833 reducat,

64 1864 326 1938 deliberatur:
348 1865 409 1937 alii
431 1889 516 1938 eum
540 1862 720 1937 honorem
744 1861 922 1951 Lentulo,
942 1886 1054 1961 quem
1070 1863 1145 1959 jam

61 1995 175 2054 antea
192 1995 232 2053 et
249 1984 284 2053 S.
298 1984 340 2053 C.
357 1995 397 2053 et
409 1983 517 2054 sortis
529 1978 712 2053 beneficio
729 1992 935 2076 acceperat,
952 2001 1146 2048 conserva·

60 2095 176 2185 bant3
190 2095 252 2167 alii
265 2098 442 2195 Pompeio
456 2094 722 2183 mandandum3
737 2093 797 2165 alii
815 2092 919 2164 aliter
929 2090 1145 2164 censebant:

57 2212 226 2281 varietas
237 2209 456 2308 opinionum
468 2231 545 2281 rem
556 2210 710 2281 extraxit
720 2233 730 2294 ;
742 2208 891 2279 Catonis
904 2228 992 2276 vero
1007 2204 1145 2277 tributu

56 2321 168 2424 pleb.
175 2319 328 2394 audacia
339 2321 557 2395 disturbavit
565 2325 724 2420 penitus,
733 2335 844 2418 atque
858 2321 1044 2417 pervertit
1053 2324 1145 2421 Nam

56 2452 103 2510 et
117 2436 170 2510 ab
184 2439 292 2508 initio
304 2435 535 2525 tribunatus,
551 2435 809 2509 utFenestella
826 2434 935 2507 docet
955 2434 1054 2533 apud
1070 2438 1144 2507 No·

56 2555 194 2636 mum,
208 2549 449 2623 concionibus
465 2549 616 2623 assiduis
628 2549 800 2622 invidiam
815 2552 914 2646 regi,
929 2572 972 2620 ac
986 2549 1144 2621 Lentulo

57 2664 282 2750 concitavit3
300 2677 337 2735 et
353 2687 458 2750 mox,
478 2663 557 2761 lege
574 2666 683 2735 etiam
698 2661 745 2734 de
764 2660 973 2758 abrogando
987 2663 1145 2734 Lentulo

56 2779 201 2853 Cilicia·
216 2777 372 2875 imperio
393 2777 636 2876 promulgata,
651 2779 791 2848 animos
805 2800 932 2848 eorum
943 2828 953 2862 ,
966 2779 1031 2872 qui
1050 2780 1145 2849 Leu-

59 2892 146 2964 tulo
167 2888 357 2975 favebant,
383 2914 405 2961 a
430 2893 571 2963 minore
590 2915 677 2962 cura
699 2889 744 2962 ad
764 2914 949 2961 summum
973 2893 1142 2963 timorem

57 3006 242 3080 traduxit.
258 3009 473 3104 Pompeium
486 3030 573 3078 vero
588 3010 626 3077 iu
648 3020 777 3077 senatu
795 3029 941 3103 aspere,
960 3021 997 3076 et
1015 3007 1144 3081 acerbe

60 3137 278 3197 aestuatum
300 3144 346 3192 eo
365 3120 527 3218 redegit,
553 3137 595 3192 ut
618 3120 811 3193 consilium
835 3119 1033 3194 reducendi
1051 3126 1146 3222 regis

60 3239 254 3336 abjiceret.
272 3242 402 3336 ltaque
415 3261 498 3324 rex,
516 3237 707 3336 desperato
723 3252 869 3310 senatus
883 3237 1039 3323 auxilio,
1055 3264 1144 3311 con·

61 3354 160 3452 fugit
176 3352 225 3424 ad
247 3350 447 3424 Gabinium
465 3355 573 3450 Syriae
591 3352 869 3450 proconsulem
891 3377 912 3423 a
940 3377 1035 3449 quo,
1058 3377 1143 3452 pro·

63 3469 185 3541 missis
199 3465 329 3538 decem
341 3463 560 3536 talentorum
574 3465 747 3550 millibus,
762 3471 936 3564 Pompeio
949 3468 1069 3554 etiam,
1080 3472 1143 3565 qui

63 3606 107 3653 eo
124 3603 235 3652 anno
258 3602 343 3650 cum
366 3581 494 3650 Crasso
520 3578 649 3651 consul
668 3577 757 3664 luit,
781 3578 979 3651 admodum
1002 3604 1071 3678 pro
1099 3607 1144 3653 eo

64 3693 325 3777 contendente,
335 3691 665 3792 lacileimpetrarit,
676 3710 717 3765 ut
730 3696 989 3766 restitueretur.
1002 3700 1055 3766 Ex
1066 3721 1144 3792 quo

64 3827 194 3910 postea
210 3807 392 3880 Gabinius
407 3807 601 3902 majestatis
615 3825 814 3898 accusatus,
832 3807 933 3906 quod
949 3810 1143 3907 provinciae

64 3951 134 3997 suae
151 3920 292 3996 finibus
309 3935 439 3994 contra
456 3920 570 4018 legem
584 3923 790 3995 Corneliam
810 3922 855 3995 de
875 3923 1064 4018 majestate
1083 3950 1142 3996 ex-

66 4045 249 4121 cessisset,
274 4039 459 4132 corruptis
474 4036 658 4130 judicibus
684 4037 873 4114 absolutus
891 4052 955 4109 est.
983 4041 1070 4110 Mox
1093 4056 1142 4114 ta-

162 4160 191 4226 l.
222 4168 271 4219 Cic.
280 4183 342 4237 pars
356 4175 452 4234 quarta.
965 4157 980 4183 '
998 4153 1021 4223 b
