2656 5256
640 119 1136 147 mmmmm

633 168 638 187 l

217 351 307 472 M.
351 350 421 472 T.
469 263 985 479 ot'csnours

527 657 683 747 VITA

286 877 432 948 nom
456 879 487 947 a
511 878 670 948 pauno
695 877 928 952 ostnorro.

20 1147 28 1168 ’
84 1081 193 1237 Qum
216 1132 268 1206 ad
292 1132 540 1233 Epistolanrm
561 1133 646 1207 libri
674 1133 782 1234 primi
801 1136 1045 1233 cognitionem
1067 1158 1144 1206 nou

12 1232 19 1256 ¹
73 1271 193 1346 parum
215 1248 439 1321 conduxerit
455 1249 559 1338 vitae,
577 1264 615 1321 et
629 1273 779 1322 casuum
794 1250 954 1322 auctoris
969 1251 1146 1348 cognitio,

70 1387 142 1436 erm
168 1363 402 1464 complectar
423 1366 660 1463 paucissimis.
680 1367 730 1436 Μ.
746 1369 786 1437 Τ.
808 1369 847 1437 C.
864 1368 995 1465 Arpini
1019 1380 1145 1454 natus,

66 1481 199 1568 som,
205 1504 291 1577 quo
304 1503 396 1578 puer
406 1479 606 1580 perductus
614 1479 752 1567 luerat,
762 1495 904 1552 tantum
920 1482 958 1551 in
973 1480 1146 1553 discendo

63 1591 242 1692 profecit,
261 1595 359 1665 utin
379 1596 496 1667 musis
514 1593 679 1668 dicendis
694 1596 855 1694 primum
875 1593 999 1667 locum
1019 1618 1148 1666 conse·

62 1723 207 1807 qnutus
230 1711 299 1796 sit;
321 1723 538 1807 tantumque
558 1710 736 1795 veritatis,
758 1724 796 1781 et
817 1710 907 1808 reip.
933 1707 1055 1780 studio
1079 1732 1148 1808 po·

61 1823 150 1907 tuit,
176 1837 227 1894 ut
254 1847 385 1896 omnes
410 1821 573 1896 honores
603 1847 671 1894 suo
701 1821 830 1895 ordine
862 1821 1075 1895 obtinuerit.
1104 1828 1147 1895 In

57 1937 265 2010 consulatu
288 1951 410 2009 autem
428 1939 480 2009 sic
503 1961 581 2011 sese
601 1940 730 2035 gessit,
751 1952 794 2009 ut
815 1962 893 2009 non
914 1937 1037 2009 minus
1057 1960 1148 2007 verae

56 2052 188 2151 gloriae
209 2052 251 2122 in
271 2065 355 2149 toga
372 2053 566 2141 meruerit,
590 2076 700 2150 quam
718 2053 810 2124 alius
828 2052 1011 2151 quispiam
1033 2053 1072 2122 in
1088 2076 1147 2122 ar-

58 2169 149 2240 mis:
167 2165 345 2239 liberavit
365 2168 463 2239 enim
479 2164 620 2239 Urbem
641 2166 687 2239 ab
703 2166 891 2256 incendio,
911 2181 949 2238 et
966 2168 1147 2240 civitatem

55 2306 79 2353 a
97 2281 205 2354 oede
225 2280 521 2376 oonjrnatorum‚
543 2281 697 2353 Catilina
715 2280 833 2353 duce:
857 2283 895 2353 in
917 2305 1011 2379 quos
1032 2307 1147 2380 quum

56 2393 403 2481 animadvertisset,
423 2408 460 2466 et
478 2394 631 2465 Catilina
646 2395 721 2491 jam
740 2395 778 2465 in
801 2395 924 2493 praelio
943 2393 1148 2481 cecidisset,

59 2512 213 2608 primus
237 2510 279 2579 in
303 2523 388 2606 toga
409 2509 664 2609 triumphavit,
691 2510 907 2609 primusque
934 2534 1067 2609 parens
1089 2535 1151 2608 pa·

62 2628 140 2696 triae
157 2622 370 2722 appellatus
388 2638 461 2712 est,
477 2625 606 2695 erectis
622 2624 702 2719 ejus
720 2623 841 2721 gloriae
864 2625 1051 2723 perpetuis
1069 2651 1150 2695 mo·

63 2739 272 2810 numentis.
294 2741 383 2830 Quae
406 2761 465 2809 res
487 2737 541 2807 illi
566 2737 710 2809 invidiae
733 2764 809 2810 non
830 2763 960 2838 parum
984 2742 1148 2839 peperit:

65 2854 276 2951 prasertim
298 2852 396 2951 apud
414 2857 606 2940 Caesarem,
629 2868 667 2924 et
690 2852 814 2952 paullo
839 2868 923 2949 post
944 2853 1043 2952 apud
1067 2854 1150 2927 Clo·

68 2967 171 3039 dium
202 2967 325 3037 virum
353 2967 518 3065 apprime
547 2965 740 3038 nobilem:
771 2969 837 3064 qui
874 2983 1001 3067 captus
1026 2993 1150 3041 amore

69 3082 253 3180 Mpeiae
271 3081 394 3152 uxoris
415 3081 580 3168 eaesaris,
594 3081 633 3151 in
652 3080 764 3153 domo
785 3083 880 3178 ejus,
899 3085 936 3153 in
954 3098 1053 3155 veste
1071 3108 1150 3153 mu·

72 3195 195 3284 liebri,
213 3195 467 3294 deprehensus
481 3211 535 3267 est
549 3211 743 3268 temerasse
762 3194 877 3268 «festa
894 3203 1001 3269 Bonae
1018 3199 1150 3295 (mari-

75 3310 163 3385 «bus
175 3337 257 3383 non
271 3310 454 3409 adeunda)
464 3312 648 3401 Deae»;ob
660 3336 770 3411 quarn
786 3337 862 3384 rem
877 3314 915 3383 in
926 3314 987 3409 jus
998 3329 1148 3385 vocatus

80 3428 214 3525 negavit
232 3451 272 3498 se
295 3442 387 3498 tunc
405 3428 443 3497 in
462 3425 563 3498 Urbe
587 3425 709 3499 luisse.
730 3428 868 3500 Citatus
882 3442 1004 3499 autem
1023 3431 1151 3500 Cicero

80 3541 113 3611 in
132 3567 216 3614 eum
237 3543 337 3614 testis
356 3544 527 3631 asseruit,
545 3541 715 3615 Clodium
736 3567 782 3614 eo
805 3539 862 3614 die
884 3567 1008 3614 secum
1027 3548 1151 3615 Roma}

84 3652 201 3746 luisse,
223 3657 329 3756 quod
360 3654 459 3726 i‘dem
487 3656 607 3728 etalii
634 3657 795 3756 praeclari
814 3657 881 3727 viri
908 3659 1025 3727 testati
1054 3674 1149 3729 sunt.

89 3770 219 3847 Clodius
237 3790 387 3860 tamen,
405 3767 590 3863 judicibus
608 3773 791 3871 corruptis
809 3771 985 3870 pecunia,
1009 3769 1153 3844 absolu-
