2656 5256
130 789 163 885 vj
529 790 795 859 PRAEFATIO

127 910 287 991 vissime
316 926 356 988 et
386 907 627 989 lucidissime
660 909 849 1018 expedire
877 910 1120 992 viderentur.
1152 914 1203 993 Et

127 1034 191 1117 his
231 1030 394 1143 quidem
434 1030 765 1113 adnotationibus
797 1052 1004 1115 auctorum
1038 1037 1204 1115 nomina

127 1157 299 1265 subjeci;
323 1157 458 1237 literas
479 1185 574 1236 vero
596 1160 667 1238 En.
689 1159 739 1237 iis
761 1187 860 1268 quas
883 1159 969 1266 ipse
997 1158 1204 1241 addendas

128 1283 284 1390 putavi,
304 1281 556 1361 subscribere
572 1283 719 1363 curavi.

180 1408 241 1487 De
259 1405 510 1514 jucunditate
528 1423 569 1485 et
586 1435 739 1486 summa
752 1406 923 1487 utilitate
935 1435 985 1486 ex
998 1407 1205 1489 Ciceronis

126 1529 317 1637 Epistolis
343 1527 618 1646 percipienda,
643 1530 710 1608 vix
738 1527 959 1640 quidquam
984 1548 1044 1609 est
1066 1528 1204 1609 dicen-

128 1649 244 1750 dum,
265 1680 389 1760 quum
409 1649 518 1758 apud
543 1678 682 1731 omnes
711 1670 867 1733 constet
895 1652 1004 1733 nulla
1033 1653 1110 1731 alia
1139 1680 1204 1751 re,

129 1803 251 1884 quam
280 1775 358 1855 isto
387 1773 590 1854 scribendi
625 1802 785 1881 genere,
817 1776 941 1859 animi
973 1774 1205 1857 reconditos

130 1926 288 1997 sensus,
314 1899 559 2007 virtutesque
582 1916 622 1978 et
642 1899 738 1983 vitia
758 1900 968 1979 hominurn
989 1900 1122 1979 verius
1145 1899 1209 1979 de·

131 2022 273 2101 clarari
291 2050 419 2130 posse.
442 2023 534 2129 Ipsa
548 2051 709 2133 quoque
724 2052 858 2103 rerum
874 2024 938 2103 his
955 2022 1208 2131 temporibus

132 2165 332 2253 gestarum
352 2147 521 2226 historia
539 2147 746 2246 evolvitur,
765 2176 921 2229 necnon
935 2167 976 2228 et
988 2149 1142 2256 optima
1155 2146 1208 2228 de
1238 2160 1247 2177 “

132 2271 289 2352 ratione
322 2270 466 2377 agendi
498 2272 603 2352 inter
639 2273 832 2355 tumultus
870 2291 910 2352 et
944 2272 1210 2353 dissensiones

133 2396 268 2475 civiles
287 2413 486 2503 praecepta
503 2395 597 2475 inde
613 2396 865 2475 hauriuntur.
879 2398 941 2476 lta
955 2414 1000 2476 ut
1020 2425 1103 2475 non
1124 2396 1210 2474 sine

135 2548 252 2600 causa
281 2518 491 2600 Cornelius
520 2520 657 2627 Nepos
688 2519 739 2599 de
771 2520 834 2599 his
864 2519 1054 2628 Epistolis
1088 2547 1211 2626 agens

135 2644 302 2743 dixerit,
318 2647 401 2725 vita
419 2647 468 2724 T.
490 2646 702 2753 Pomponii
719 2646 865 2745 Attici,
895 2674 980 2753 cap.
1000 2646 1067 2724 16:
1090 2679 1109 2717 «
1121 2674 1213 2752 pru-

138 2800 159 2843 «
175 2766 351 2848 dentiam
371 2765 671 2874 quodammodo
691 2795 775 2846 esse
793 2765 1091 2846 divinationem.
1116 2768 1213 2845 Non

140 2893 281 2972 «enirn
297 2892 438 2971 Cicero
459 2918 504 2970 ea
521 2891 668 2985 solum,
683 2921 772 3000 qnae
785 2892 876 2972 vivo
896 2920 936 2970 se
956 2888 1212 2989 acciderunt,

139 3048 160 3091 u
175 3015 308 3095 lutura
333 3011 541 3121 praedixit3
574 3013 643 3093 sed
666 3013 786 3093 etiam
806 3042 895 3121 quae
921 3041 1028 3091 nunc
1056 3041 1128 3091 usu
1152 3040 1215 3091 ve

142 3141 315 3239 uniunt,
338 3139 483 3218 cecinit
503 3156 548 3217 ut
563 3156 671 3217 vates
685 3171 719 3217 u.

191 3266 330 3374 Neque
351 3261 453 3342 duos
474 3263 649 3368 insignes
665 3263 775 3342 locos
791 3263 1029 3341 eximiorum
1050 3263 1218 3369 scripto·

141 3418 231 3469 rum
253 3389 321 3494 (V
316 3389 458 3473 oltuire
477 3406 518 3468 et
538 3387 828 3493 Montesquieu)
857 3386 907 3466 de
932 3386 995 3465 his
1023 3385 1217 3492 Epistolis

144 3514 337 3593 omittam.

194 3635 310 3714 Prior
328 3635 458 3740 sagaci
478 3633 640 3739 ingenio
658 3650 778 3712 notus
793 3632 864 3728 ait,
884 3633 1093 3738 Meleager
1113 3632 1218 3708 liue-

143 3761 305 3857 ruires¹,
322 3775 417 3836 tom.
428 3757 598 3852 XLVII,
617 3786 656 3864 p.
670 3757 765 3850 243:
782 3790 800 3829 (ι
813 3756 844 3835 Il
859 3754 1006 3835 semble
1020 3783 1097 3863 que
1110 3783 1219 3861 pour

145 3883 271 3963 «bien
299 3881 415 3990 juger
448 3881 504 3959 les
536 3880 714 3959 hommes
743 3879 919 3988 publice,
951 3907 1003 3957 on
1032 3879 1219 3984 pourrait

145 4007 259 4093 «s'en
279 4021 492 4112 rapporter
513 4031 591 4081 aux
616 4020 867 4082 monuments
895 4018 1039 4081 secrets
1064 4018 1104 4080 et
1131 4030 1216 4079 non

146 4148 355 4239 «suspects
375 4128 443 4236 qui
473 4144 622 4209 restent
648 4128 788 4225 d’eux,
817 4155 969 4206 comme
997 4126 1053 4204 les
1080 4126 1219 4206 lettres

186 4450 211 4488 ι.
232 4432 298 4485 Vnir
310 4429 437 4485 l'editt'on
451 4428 487 4481 de
501 4428 643 4502 Lequien,
662 4440 727 4483 tom.
742 4428 877 4494 XLVII,
901 4426 936 4481 n⁰
948 4425 983 4496 8,
999 4428 1049 4480 des
1063 4444 1220 4479 morreuun:

143 4531 365 4604 ineditssuuruis
373 4550 434 4606 pur
442 4530 485 4586 M.
500 4530 664 4604 Clogcuson.
