2656 5256
210 868 260 917 xx
295 844 624 918 P.MANUT1US
648 848 717 920 DE
741 845 1035 918 PTOLEMAEO
1057 844 1211 916 REGE.

208 964 357 1056 tributa,
367 980 409 1038 ut
417 966 660 1043 creditoribus
669 967 1079 1069 satisfacereqfflgyptiis
1088 969 1286 1065 imposuit>

209 1104 353 1179 aquo,
365 1081 597 1156 multitudine
608 1085 808 1171 concitata,
826 1082 954 1181 pulsus
969 1096 1035 1153 est.
1053 1084 1183 1179 Neque
1196 1106 1286 1153 vem

210 1209 347 1267 tantam
362 1197 554 1294 pecuniam
568 1201 696 1270 Caesari
714 1198 874 1299 primum
892 1221 915 1270 a
928 1196 1125 1268 Ptolemaeo
1141 1194 1285 1284 «laum,

209 1323 252 1382 ut
275 1314 310 1383 ei
338 1334 493 1408 regnum
515 1313 707 1401 societate,
734 1328 772 1386 et
798 1312 956 1384 amicitia
983 1310 1113 1411 populi
1138 1314 1284 1383 romani

208 1424 1285 1519 confirmaretur,deindeGabinio,utexactusrestitueretur,

92 1580 102 1589 ”
209 1541 405 1639 quiquam
427 1541 634 1631 mirabitur,
655 1545 721 1641 qui
744 1567 790 1615 ex
810 1542 943 1614 annuis
963 1543 1105 1639 AEgypti
1123 1542 1286 1637 vectiga-

210 1654 307 1727 libus
319 1671 497 1753 quantum
509 1673 666 1756 caperet,
677 1652 1170 1754 animadverteritzcapiebat
1183 1657 1286 1726 enim

212 1768 432 1842 talentorum
457 1771 627 1845 duodena
648 1772 760 1845 millia
781 1776 982 1871 quingena,
1003 1769 1041 1842 id
1067 1785 1137 1857 est,
1163 1782 1285 1841 scuta·

212 1896 336 1954 torum
357 1891 563 1985 septuagies
589 1889 774 1985 quingena
800 1885 914 1957 millia
937 1898 1149 1982 :quantum
1175 1880 1287 1954 hodie

212 1999 372 2074 universi
390 2002 588 2075 Galliarum
616 2006 740 2101 regni,
768 2002 1057 2101 quodomnium
1084 2022 1286 2094 regnorum

209 2111 538 2188 fructuosissimum
563 2115 736 2204 habetur,
760 2140 883 2188 annua
904 2114 1040 2187 tributa
1061 2137 1137 2184 non
1164 2111 1285 2183 nonli-

210 2226 325 2299 eiunt.
339 2231 474 2299 Mirum
486 2231 606 2316 etiam,
619 2227 721 2327 quod
734 2253 755 2300 a
767 2233 931 2300 Varrone
945 2225 1122 2299 traditum
1139 2226 1290 2324 scripsit

213 2340 368 2429 Plinius,
378 2340 477 2412 hunc
487 2341 741 2429 Ptolemaeum,
757 2342 931 2440 Pompeio
942 2343 1035 2413 cirea
1048 2337 1210 2412 Iudaeam
1227 2364 1290 2411 res

213 2468 383 2551 gerente,
412 2469 546 2527 octona
566 2455 678 2528 millia
699 2458 867 2554 equitum
891 2479 957 2527 sua
978 2458 1132 2555 pecunia
1146 2452 1288 2525 tolera-

213 2569 325 2660 visse3
342 2570 441 2642 mille
454 2571 624 2643 nonrivas
640 2569 793 2643 totidem
810 2571 929 2643 aureis
945 2570 1121 2670 potoriis,
1140 2582 1290 2641 mutan-

212 2691 286 2756 tem
308 2702 391 2751 vasa
411 2703 496 2751 curn
519 2677 681 2769 ferculis,
703 2683 892 2778 saginasse.
