2656 5256
143 377 1148 414 ΜΜΜΜΜΜΜἈΜΜΜΜἈΜΜΜΜ

191 599 520 690 PRAEFATIO
552 591 713 691 NOVI
744 590 1075 703 EDITORIS

249 789 258 849 ·:
275 806 709 921 necrcrnonmuls
731 809 995 878 srtsroms.

233 946 243 1005 ί
276 939 283 961 2

489 1004 781 1036 ψ

125 1142 193 1263 Du
210 1179 282 1256 hac
295 1195 410 1286 parte
423 1197 566 1287 quarta
580 1178 786 1261 Ciceronis
799 1181 1176 1293 operum,quoqui2

124 1299 197 1378 dem
224 1330 361 1381 omnes
383 1303 571 1410 Epistolae
592 1331 682 1413 quae
701 1302 753 1383 ab
776 1303 865 1403 illo,
890 1303 948 1383 vel
968 1302 1020 1384 ad
1041 1303 1178 1404 illum,

124 1425 262 1530 scriptae
288 1443 468 1524 exstant,
497 1427 775 1525 continentur,
803 1452 931 1535 pauca
961 1444 1056 1507 sunt
1080 1456 1178 1535 prae-

126 1546 325 1649 monenda,
346 1567 386 1629 et
407 1550 634 1648 consilium,
661 1578 743 1660 quo
765 1551 808 1628 in
832 1550 883 1629 iis
906 1549 1180 1632 exscribendis

127 1686 158 1746 et
172 1671 415 1751 enucleandis
430 1673 493 1752 usi
513 1701 668 1771 sumus,
687 1671 863 1752 breviter
884 1671 1184 1780 explicandum,

127 1794 358 1903 Quamquam
384 1796 479 1875 olim
512 1796 711 1876 innumeri
740 1824 852 1905 paene
881 1795 1057 1877 editores
1085 1797 1181 1877 huic

128 1943 239 2021 operoe
251 1947 404 1997 summo
418 1948 509 1999 cum
523 1918 657 1999 studio
669 1917 1065 2016 incubueruntinter
1076 1948 1180 2029 quos

129 2067 195 2116 non
221 2041 302 2120 sine
330 2041 445 2122 laude
472 2041 740 2123 nominandus
755 2043 805 2122 V.
826 2041 871 2125 C.
892 2040 1090 2142 Pndvosr,
1110 2044 1181 2152 qui

129 2161 270 2268 quidem
285 2163 451 2243 Manutii
468 2165 664 2272 optimum
680 2164 1010 2245 commentarium
1024 2163 1182 2245 assidue

130 2284 295 2388 perlexit,
323 2303 363 2365 et
395 2288 528 2366 omnia
557 2315 645 2395 quae
679 2284 736 2364 illi
769 2304 864 2366 aetas
895 2314 965 2366 sua
996 2286 1179 2367 conferre

130 2410 245 2512 potuit
268 2408 444 2489 subsidia
464 2409 728 2519 undequaque
748 2410 936 2508 contulit,
959 2409 1068 2490 haud
1089 2410 1183 2489 infi-

130 2532 297 2611 ciandum
319 2551 378 2613 est
399 2551 490 2641 post
513 2535 716 2612 Graevium
742 2552 782 2613 et
802 2525 1002 2612 Olivetum
1028 2535 1181 2642 ipsum-

130 2656 436 2761 queLaliemand.
454 2675 494 2736 et
505 2658 636 2735 virum
650 2655 924 2736 doctissimum
936 2657 1182 2747 Ernestium,

130 2780 236 2856 textui
268 2779 536 2886 Epistolarum
570 2779 671 2858 adeo
704 2777 859 2858 difficili
893 2797 933 2859 et
970 2780 1183 2876 intricato,

128 2903 333 3010 sepiusque
347 2903 498 3001 mutilo,
511 2902 672 2981 multam
682 2902 808 2980 lu'oem
820 2930 867 2980 ex
883 2902 971 2982 aliis
985 2930 1031 2982 ac
1046 2929 1185 2983 reeen-

128 3024 286 3103 tioribus
306 3027 411 3105 curis
430 3027 647 3105 accessisse.
669 3025 754 3104 Nos
773 3042 927 3124 autem,
960 3052 1010 3104 ne
1034 3025 1185 3104 frustra

127 3149 305 3250 postremi
324 3149 364 3225 in
385 3150 492 3227 hunc
511 3177 695 3289 eamqum
713 3146 1028 3246 decurrerem,
1040 3147 1186 3228 editio-

126 3296 185 3347 nes
205 3270 385 3348 Wetzelii
410 3288 450 3349 et
474 3269 695 3368 Benedreti,
716 3297 823 3347 anno
850 3264 967 3375 1795,
986 3268 1185 3374 Martyni·

126 3394 289 3499 lngunae
311 3396 430 3492 1804,
452 3393 630 3473 Schiitzii
647 3398 759 3499 1809,
774 3411 820 3472 ut
835 3395 1066 3472 omittamus
1080 3391 1186 3496 ejus-

126 3515 206 3595 dem
228 3517 444 3596 editionem
475 3518 654 3595 omnium
675 3516 882 3597 Ciceronis
908 3542 1094 3621 operum,
1117 3509 1188 3588 uhi

125 3640 160 3716 in
186 3658 296 3720 textu
319 3639 589 3748 Epistolarum
614 3667 697 3718 non
728 3665 855 3746 pauca
889 3633 1186 3727 desiderantur,

125 3762 285 3874 denique
301 3767 531 3843 innumeras
544 3762 841 3842 observationes
856 3760 900 3837 in
916 3759 1037 3843 variis
1056 3749 1189 3858 philo·

124 3884 294 3992 logorum
307 3885 681 3994 disquisitionibus,
700 3911 789 3992 quae
804 3881 847 3957 in
859 3879 1016 3983 Angiia,
1028 3874 1192 3952 Germa·

125 4010 200 4110 nia,
224 4011 396 4119 aliisque
429 4005 669 4087 doctissimis
708 3999 942 4110 regionibus
976 3998 1194 4102 quotannis

209 4143 237 4208 l·
266 4153 313 4202 cte.
326 4166 388 4215 pm
404 4159 495 4212 qum.
1047 4138 1072 4182 a
