2678 4800
226 359 270 403 aa
545 336 592 401 Μ.
619 335 657 399 Τ.
686 334 964 402 CICERONIS

221 452 417 540 videbitur,
428 450 593 550 placebat
604 451 692 522 illud
703 456 816 538 ‚ut‚si
832 476 893 521 rcx
909 454 1033 522 amicis
1045 454 1211 568 tuis,qui
1224 474 1288 548 per

221 566 446 663 provinciam
462 577 571 659 atque
588 565 728 662 imperii
742 565 794 632 tui
811 564 1102 659 provirrcias’1ei
1119 559 1289 632 credidis-

220 671 442 761 seut‚fidcm
459 694 561 741 suam
573 675 845 769 prestitisset223
861 685 897 741 ot
905 671 1047 743 auxiliis
1059 697 1142 742 eum
1158 673 1244 758 tuis,
1256 686 1291 742 ot

222 787 337 881 copiis
352 781 539 879 adjuvares
551 779 584 825 ²³
600 807 608 849 ε
629 806 708 852 eam
723 806 799 852 esse
815 796 980 852 naturam
998 796 1035 853 et
1059 785 1247 879 regionem
1258 784 1288 830 ²⁴

222 894 416 989 provinciae
439 905 526 976 turc,
543 905 584 961 ut
606 891 702 960 illius
724 889 881 961 reditum
906 892 958 961 vol
974 891 1183 989 adjuvando
1206 917 1292 963 con·

221 1000 402 1088 firmares,
429 999 486 1070 vel
509 998 727 1096 negligendo
751 997 954 1097 impedires.
986 1006 1029 1071 Iu
1055 1001 1123 1071 hac
1151 1005 1291 1072 rationo

219 1109 312 1207 quid
326 1134 404 1197 rec,
418 1108 511 1205 quid
530 1132 654 1198 causa,
671 1108 762 1207 quid
779 1122 923 1207 tempus
939 1108 1046 1197 ierat,
1067 1125 1107 1181 tu
1123 1109 1292 1181 facillime

218 1223 429 1317 optimeque
447 1221 666 1316 perspicies:
685 1218 777 1316 quid
800 1218 908 1290 nobis
923 1221 1139 1317 placuisset,
1167 1246 1214 1292 ex
1235 1246 1292 1292 mc

221 1332 450 1427 potissimum
467 1331 588 1425 putavi
607 1343 642 1398 te
658 1331 749 1398 scire
765 1342 944 1424 oportere.

272 1438 381 1530 Quod
402 1437 490 1508 mihi
509 1437 554 1510 de
569 1451 695 1509 nostro
713 1434 862 1524 statu²⁵‚
878 1437 924 1509 do
944 1439 1091 1510 Milonis
1113 1436 1295 1509 familiari·

225 1564 317 1636 tate,
336 1548 382 1620 de
400 1548 545 1618 levitate
561 1562 598 1618 et
614 1547 858 1620 imbecillitate
875 1547 991 1619 Clodii
1008 1548 1216 1644 gratularis3
1231 1552 1296 1618 mi·

224 1663 323 1731 trime
347 1661 533 1745 miramur,
549 1673 584 1729 tc
603 1662 694 1745 tuis,
722 1673 763 1729 ut
780 1661 964 1755 egregium
983 1656 1177 1746 artificem,
1202 1683 1294 1756 prae·

224 1770 329 1844 claris
353 1768 527 1866 operibus
550 1768 685 1839 laetari:
708 1765 972 1865 quamquam²⁶
996 1781 1050 1839 cst
1072 1767 1296 1838 incredibilis

220 1878 417 1949 'hominum
443 1881 658 1976 perversitas
686 1878 860 1975 (graviori
883 1881 980 1949 enim
1004 1876 1116 1948 verbo
1139 1880 1191 1948 uti
1220 1902 1295 1948 non

226 1986 357 2083 libet),
373 1991 437 2086 qui
454 2013 539 2075 nos,
554 2012 648 2084 quos
665 1986 820 2058 favendo
836 1990 874 2057 iu
889 1989 1075 2057 commrmi
1091 2010 1199 2057 causa
1215 1990 1297 2057 reti·

263 2259 307 2293 ar.
324 2244 412 2291 Multae
425 2242 482 2292 edd.
496 2255 603 2302 veteres,
618 2245 682 2307 aqui
695 2262 739 2308 per
782 2260 829 2307 que
848 2242 946 2291 firmes:
967 2260 1023 2307 quae
1046 2242 1109 2292 ratio
1130 2245 1165 2292 rei
1184 2244 1299 2308 gerendae

227 2340 266 2388 pr.
278 2321 376 2386 imperii
396 2324 432 2369 tui
451 2322 567 2386 pecuniae
583 2323 607 2370 ei
622 2322 739 2370 credidis·
781 2322 918 2386 periculosa
931 2322 1099 2386 rideripoteat
1109 2322 1169 2371 :aed
1179 2325 1300 2388 utipenm

225 2411 308 2449 senta.
317 2402 332 2449 J
334 2402 377 2449 Ν.
385 2401 602 2449 L.-Provinciam
612 2413 686 2465 atque
695 2401 739 2448 im·
782 2401 941 2449 Ptolemaeum
950 2436 957 2458 ,
979 2402 1005 2449 iu
1022 2418 1123 2466 reguum
1136 2402 1283 2452 redeuutem
1293 2439 1302 2459 ‚

224 2478 290 2544 perii
300 2479 338 2526 tui
344 2479 555 2543 provincias.Vid.
569 2496 624 2543 sup.
633 2490 686 2528 not.
699 2482 738 2528 ati.
783 2481 878 2528 auxiliis
892 2481 941 2528 tuis
954 2492 979 2529 et
992 2482 1071 2545 copiis
1081 2482 1194 2542 adjuves.
1204 2485 1282 2531 Man.

227 2558 290 2607 Attae
300 2568 370 2606 erant
379 2558 471 2606 ciltetae
479 2559 593 2620 adjectae,
604 2560 738 2622 Lycaonia,
820 2567 864 2614 πᾶ.
876 2559 939 2616 ΑΙῑί,
952 2559 1080 2607 rationem.
1098 2561 1115 2608 J
1118 2596 1124 2608 .
1135 2559 1167 2605 V.
1182 2560 1211 2607 1..

227 2636 385 2701 Pamphylia,
398 2652 454 2700 pera
467 2638 580 2702 Phrygiae
593 2638 694 2698 Maioris
706 2638 741 2685 ul-
821 2638 864 2685 25.
884 2639 921 2684 De
930 2648 1011 2684 nostro
1024 2649 1099 2686 statu.
1109 2637 1186 2700 Quod
1196 2638 1301 2702 priatiua

228 2727 266 2764 tra
276 2715 437 2764 Maeandrum.
449 2717 509 2763 Trea
519 2716 572 2763 aliae
585 2717 695 2779 regionea
707 2717 741 2764 ei·
786 2715 885 2764 boaret
896 2715 1027 2779 dignitate,
1036 2727 1060 2764 et
1069 2719 1153 2779 gratia.
1163 2717 1239 2767 Mau.

229 2796 285 2843 dem
310 2794 444 2859 provinciae
471 2794 592 2855 adjunctae
616 2808 673 2844 aunt
697 2795 743 2843 sub
823 2796 865 2841 αδ.
880 2796 1043 2858 Quamquam.
1064 2795 1211 2853 Excusatio,
1231 2797 1302 2858 quod

226 2873 404 2937 proconsulatu
417 2873 550 2924 Ciceronia.
567 2875 613 2922 En.
787 2889 813 2921 ae
832 2874 861 2923 iu
879 2872 968 2921 tuenda
990 2871 1114 2937 republica
1135 2872 1167 2921 ad
1188 2874 1302 2938 Pompeii

265 2969 308 3000 aa.
327 2951 410 2999 Fidem
428 2969 498 3000 arram
511 2951 670 3015 praestitisset.
685 2954 743 3000 Nou
787 2952 889 2999 maxime
903 2953 1053 3000 voluntatem
1068 2951 1222 3011 conformet,
1241 2963 1302 3000 tem·

229 3031 320 3094 opinor
329 3031 378 3078 boc
390 3030 599 3095 dicizpecuuiam
611 3031 742 3094 persolvis·
787 3031 889 3093 poribus
911 3031 1064 3088 admonitus,
1087 3041 1113 3077 et
1137 3030 1301 3093 quorumdam

229 3120 283 3157 aet:
309 3125 359 3156 nou
380 3108 445 3156 euim
469 3107 589 3156 aolvendo
614 3124 655 3158 rex
675 3121 741 3168 erat,
785 3107 890 3165 invidia,
909 3110 951 3173 qui
970 3120 1050 3156 tamen
1064 3110 1158 3156 eumin
1172 3110 1256 3157 reditu
1265 3112 1302 3171 ju·

229 3188 299 3252 priua
311 3203 385 3251 quam
404 3187 431 3234 in
449 3203 550 3250 regnum
567 3186 741 3235 reduceretur:
786 3199 883 3246 verant,
894 3188 1041 3253 compulsus.
1054 3190 1130 3237 Erant
1139 3189 1206 3236 enim
1215 3189 1302 3238 sactio-

231 3266 274 3316 eed
296 3267 397 3314 mrieaet
418 3264 449 3313 de
470 3264 519 3315 lide
538 3280 597 3315 aua:
625 3267 743 3315 elicuisset
786 3283 829 3313 nea
841 3266 866 3313 iu
881 3284 933 3331 rep.
945 3267 1016 3317 duae:
1030 3268 1056 3314 in
1071 3283 1119 3314 una
1128 3268 1301 3328 Caeaar‚1’oru·

229 3346 313 3410 aliquo
327 3346 415 3404 modo,
428 3357 456 3393 ut
468 3348 520 3407 ejue
532 3344 594 3393 lidea
604 3346 630 3392 in
640 3346 743 3393 dubium
786 3345 865 3409 peina,
879 3347 988 3405 Crassus,
1001 3346 1031 3394 de
1046 3362 1088 3394 ena
1106 3346 1217 3410 potentia
1234 3346 1301 3396 labo·

230 3424 280 3472 illia
291 3425 372 3472 venire
387 3440 436 3471 non
447 3436 540 3488 poeeet.
553 3425 631 3488 Epist.
643 3439 673 3486 9:
688 3426 744 3474 «Ut
787 3437 892 3480 rentem
900 3425 989 3488 quibua
995 3426 1301 3490 dissentire‚perieuloaun

142 3510 148 3524 ¹
231 3501 305 3551 iidem
322 3504 401 3550 fratria
420 3505 466 3549 mei
484 3514 651 3568 pmtarema.
664 3505 743 3567 Epist.
788 3505 874 3552 Cicero
891 3504 1003 3553 ridebat:
1020 3506 1046 3554 iu
1063 3504 1138 3553 altera
1157 3506 1302 3570 optimatem

236 3598 277 3639 rr,
291 3582 335 3630 lib.
345 3585 385 3631 V:
406 3604 418 3623 ι
428 3584 611 3646 Quamcumque
631 3582 653 3629 ei
670 3581 745 3630 fidem
788 3584 830 3645 qui
845 3583 901 3631 licet
915 3582 945 3630 de
959 3584 1053 3648 republ.
1063 3584 1157 3648 optime
1167 3586 1303 3644 mutent.

231 3660 341 3718 abderit,
355 3661 502 3723 predelam.
513 3664 550 3709 De
559 3661 643 3707 Divin.
653 3661 697 3710 lib.
707 3665 744 3710 11:
788 3661 901 3710 Ciceroni
913 3674 1005 3722 tamen,
1022 3678 1089 3710 novo
1099 3662 1197 3711 bomini
1210 3675 1300 3713 tantam

239 3741 373 3802 aspectare
382 3751 448 3786 vetat
457 3739 578 3788 fortunam
588 3741 672 3797 virtue,
687 3740 745 3789 dum
789 3741 889 3804 gloriam
909 3758 937 3789 ae
954 3741 1098 3805 dignitatem
1117 3741 1228 3806 adepto,
1242 3741 1302 3791 iuri·
1335 3788 1338 3797 ,

234 3826 361 3881 prestetur
372 3817 460 3866 iidem.
476 3821 549 3867 Mun.
790 3820 897 3882 debant,
922 3833 996 3883 atque
1024 3823 1097 3869 etiam
1122 3822 1299 3871 obtrectabant.

272 3898 317 3944 2³.
333 3895 476 3961 Adjuvares.
490 3898 561 3955 Nou,
578 3910 605 3946 ut
623 3899 675 3962 ipae
690 3914 745 3946 eum
790 3899 859 3960 Quos
872 3900 898 3946 in
911 3901 981 3963 epist.
992 3917 1008 3962 9
1021 3899 1142 3964 eignifieat
1158 3901 1198 3949 bia
1210 3902 1299 3951 verbia:
1327 3912 1338 3939 r

236 3976 312 4023 elaeae
338 3988 411 4040 atque
443 3979 552 4026 exercitu
575 3977 744 4029 Alexandriam
790 4002 802 4021 ι
815 3980 943 4027 certorum
951 3980 1078 4028 homiuum
1088 3997 1215 4031 moues
1223 3984 1300 4032 relere
1328 3976 1332 4035 l

235 4052 411 4118 proficiscaris,
425 4069 452 4105 ut
465 4075 517 4105 cam
529 4075 604 4121 pace,
619 4058 745 4121 praesidiis·
789 4058 878 4107 bantur
889 4059 920 4106 ad
931 4075 983 4108 me:
996 4060 1037 4122 qui
1050 4076 1127 4124 quum
1134 4060 1178 4111 illa
1187 4063 1300 4111 sentirent
1314 4048 1338 4203 p

936 4228 950 4265 b
