2656 5256
460 360 738 441 EPISTOLAE,
755 360 788 443 l,
804 355 837 425 8.
1126 378 1179 452 '27

136 486 226 580 pisti,
246 496 284 553 et
300 495 342 551 ut
358 507 416 551 me
435 484 548 579 pietas
571 475 803 576 utilitasque³
826 482 940 575 cogit,
957 503 1015 551 me
1037 478 1083 549 ad
1104 481 1182 576 ejus

133 592 304 662 rationesl
323 588 505 686 adjungo,
520 615 631 687 quem
657 604 698 660 tu
722 592 759 659 in
787 591 876 659 meis
899 588 1101 673 rationibus
1116 588 1182 661 tibi

128 724 196 771 esse
221 698 500 797 adjungendum
529 702 663 798 putasti
674 696 699 769 ⁵.
739 697 808 770 Sed
840 711 876 768 te
907 723 983 768 non
1009 702 1185 796 praeterit,

125 834 225 909 quam
253 813 299 880 sit
325 806 492 897 difficile,
516 834 663 880 sensum
693 812 730 879 in
759 806 963 906 republica,
987 812 1184 907 praesertim

123 935 256 992 rectum
273 934 311 990 et
331 918 603 1007 confirmatum,
619 919 813 1018 deponere.
830 922 1089 989 Verumtamen
1109 922 1185 1017 ipse

124 1056 177 1102 me
208 1029 401 1102 conformo
429 1028 475 1100 ud
503 1032 581 1127 ejus
614 1030 901 1113 voluntatem,a
931 1053 1007 1125 quo
1034 1027 1186 1099 honeste

122 1142 310 1214 dissentire
327 1165 403 1212 non
419 1138 604 1240 possum⁶.
632 1144 761 1236 Neque
780 1138 817 1208 id
834 1137 946 1224 facie,
975 1152 1017 1209 ut
1038 1136 1187 1208 forsitan

122 1250 342 1349 qmbusdam
364 1250 499 1334 videar,
518 1250 769 1329 simulatione:
796 1263 937 1318 tantum
959 1251 1056 1318 enim
1077 1249 1187 1317 auimi

124 1360 306 1441 inductio,
327 1375 365 1431 et
389 1360 595 1432 mehercule
616 1384 720 1430 amor
744 1380 827 1454 erga
853 1361 1067 1456 Pompeium
1090 1355 1188 1455 apud

123 1496 181 1541 me
196 1471 306 1557 valet,
325 1484 384 1557 ut,
400 1494 482 1566 qua²
504 1470 554 1540 illi
575 1469 676 1540 utilia
693 1483 795 1555 sunt,
813 1483 849 1538 et
864 1493 947 1564 quae
962 1467 1021 1538 ille
1034 1467 1129 1552 vult,
1147 1491 1188 1537 ea

124 1579 212 1651 mibi
225 1582 349 1650 omnia
362 1581 438 1675 jam
454 1594 491 1651 et
504 1594 620 1667 recta,
636 1595 673 1650 et
685 1602 769 1650 vera
782 1578 984 1650 videantur.
993 1582 1135 1677 Neque,
1149 1593 1190 1649 ut

124 1714 192 1787 ego
211 1688 380 1778 arbitror,
396 1704 558 1760 errarent
577 1715 624 1761 ne
644 1687 837 1760 adversarii
857 1687 1006 1786 quidem
1028 1690 1124 1785 ejus,
1142 1691 1191 1773 si,

125 1826 241 1896 quum
263 1823 368 1897 pares
392 1823 469 1870 esse
492 1824 568 1869 non
594 1813 761 1897 possent,
781 1821 944 1896 pugnare
965 1796 1188 1869 desisterent.

127 1913 186 1979 Me
204 1906 354 2005 quidem
379 1910 487 1978 etiam
519 1909 578 1978 illa
603 1932 660 1978 res
685 1908 911 1994 consolatur,
938 1906 1039 2004 quod
1066 1930 1135 2004 ego
1163 1910 1192 1977 is
1216 1956 1222 1967 -

129 2042 225 2104 sum,
241 2021 300 2088 cui
313 2017 370 2088 vel
387 2021 541 2088 maxime
561 2015 765 2088 concedant
780 2042 925 2104 omnes,
947 2030 989 2086 ut
1004 2015 1059 2086 vel
1076 2040 1117 2086 ea
1132 2014 1193 2085 de·
1220 2096 1227 2107 ἱ

132 2126 295 2215 leudam,
310 2151 392 2225 quae
411 2131 606 2225 Pompeius
622 2127 724 2211 velit,
741 2126 796 2197 vel
816 2141 970 2214 taceam,
992 2125 1048 2196 vel
1067 2128 1194 2209 etiarn,

133 2236 169 2306 id
180 2236 280 2334 quod
296 2236 388 2308 mihi
405 2239 559 2307 maxime
576 2235 696 2323 lubet,
707 2234 752 2306 ad
770 2251 892 2306 nostra
905 2260 963 2305 me
977 2233 1096 2305 studia
1111 2234 1195 2305 refe·

135 2370 206 2416 ram
217 2347 419 2418 literarum:
434 2345 535 2443 quod
550 2343 713 2443 profecto
726 2343 871 2431 faciam,
883 2347 912 2414 si
925 2343 1013 2414 mihi
1027 2367 1094 2441 per
1104 2344 1198 2439 ejus·

136 2455 214 2527 dem
236 2459 431 2527 amicitiam
457 2455 590 2527 licebit.
616 2460 705 2548 Quae
729 2460 825 2527 enirn
847 2460 1032 2556 preposita
1056 2455 1200 2527 fuerant

139 2566 256 2654 nobis,
271 2592 388 2663 quum
414 2582 450 2637 et
468 2566 672 2637 bonoribus
690 2568 937 2664 amplissimis,
961 2581 997 2637 ct
1013 2564 1199 2636 laboribus

140 2679 297 2746 maximis
314 2674 496 2772 perfuncti
514 2703 692 2764 essemus,
708 2677 863 2774 dignitas
880 2682 915 2747 in
939 2680 1128 2748 sententiis
1145 2674 1200 2745 di·

139 2786 274 2869 cendis,
300 2785 448 2858 libertas
470 2789 507 2856 in
531 2786 716 2884 republica
742 2786 979 2885 capessenda3
1001 2811 1042 2857 ea
1062 2783 1201 2855 sublata

142 2911 227 2981 tota,
245 2895 311 2966 sed
335 2920 405 2967 nec
425 2896 514 2967 mihi
539 2900 669 2992 magis,
687 2923 798 2995 quam
822 2894 1005 2967 omnibus.
1028 2900 1119 2967 Nam
1140 2911 1203 2965 aut

141 3005 408 3078 assentiendum
437 3021 492 3077 est
518 3006 616 3077 nulla
642 3031 725 3077 cum
752 3010 922 3103 gravitate
948 3007 1117 3102 paucis7,
1142 3018 1206 3074 aut

142 3114 267 3187 trustra
283 3115 585 3186 dissentiendum.
602 3122 684 3187 Haec
701 3141 768 3213 ego
784 3116 829 3188 ad
848 3131 882 3186 tc
899 3114 947 3185 ob
965 3140 1043 3185 eam
1061 3138 1203 3186 causam

141 3228 289 3297 maxime
307 3223 448 3315 scribe,
463 3240 505 3295 ut
517 3227 591 3320 jam
615 3241 654 3297 tu
671 3252 820 3324 quoque
837 3225 882 3297 de
899 3241 961 3296 tua
977 3230 1115 3297 ratione
1133 3250 1206 3295 me·

142 3444 285 3508 ingratiam.
299 3444 378 3508 Epist.
386 3445 496 3507 sequenti
511 3456 536 3493 et
549 3446 645 3510 epistt
691 3447 835 3512 Pompeium
858 3442 1001 3512 sigemari,
1026 3449 1084 3495 satis
1104 3458 1207 3495 constat.

143 3522 340 3588 lib.V,etspud
352 3523 510 3571 Plutarchum
520 3524 647 3573 inCrssso.
731 3529 755 3573 5.
776 3527 879 3574 Putasti.
903 3529 985 3589 Quum
1008 3528 1038 3575 de
1058 3544 1097 3575 me
1117 3543 1208 3590 ageres.

173 3601 196 3650 3.
214 3603 298 3650 Pietas
310 3601 461 3665 utilitasque.
476 3602 573 3658 Pietas,
594 3619 649 3667 erga
693 3605 767 3653 Mu.

143 3681 231 3744 optime
259 3680 292 3728 de
314 3696 356 3727 me
382 3680 520 3730 meritum:
543 3682 650 3739 utilitas,
732 3685 758 3730 6.
775 3685 879 3731 Honeste
896 3682 1022 3732 dissentire
1037 3698 1087 3729 uon
1101 3698 1210 3747 possum.

143 3776 213 3821 quon
232 3758 374 3807 habendam
398 3757 456 3804 mihi
476 3761 593 3808 rationem
611 3761 655 3807 sli-
699 3763 780 3824 Quum
799 3762 820 3810 is
841 3775 927 3812 suctor
949 3763 1022 3811 luerit
1042 3761 1126 3809 salutis
1145 3776 1213 3808 met.

120 3884 123 3889 ,
146 3837 237 3898 qundo
254 3839 330 3886 etism
345 3836 445 3884 tuendae
460 3837 544 3886 salutis
564 3840 654 3888 intelli·
697 3842 769 3889 Mu.

148 3930 204 3976 gn.
221 3917 294 3965 blus.
736 3937 760 3979 7.
775 3921 868 3968 Paucis.
883 3922 908 3967 Si
925 3920 1010 3983 pauci,
1024 3934 1074 3983 quo
1089 3917 1165 3966 modo
1182 3920 1214 3967 sb

179 4003 202 4050 k.
215 3995 259 4043 Ad
274 3995 329 4062 ejus
349 3994 467 4043 rationes.
479 3996 520 4044 Ad
541 4014 582 4056 ea,
600 4014 655 4061 qun
700 3999 730 4046 iis
743 4000 829 4046 trusus
843 3998 1004 4047 dissentitur?
1014 3998 1070 4061 quis
1079 4000 1150 4061 pauci
1158 3999 1214 4061 qsii-

151 4071 182 4119 illi
203 4075 267 4122 utilis
290 4086 370 4131 sunt,
397 4090 496 4139 queque
522 4076 563 4124 ille
593 4078 653 4125 vult.
701 4077 755 4124 dem
783 4077 919 4142 principes,
945 4080 1041 4137 Cesar,
1065 4076 1212 4141 Pompeius,
