2678 4800
395 345 778 438 ur1ST01,u,1,7.
973 290 976 295 ¹
1076 370 1116 414 21

57 469 192 553 locato,
208 481 244 537 te
261 489 344 536 cum
359 464 469 534 classe
482 478 591 560 atque
605 466 767 535 exercitu
780 461 958 560 proficisci
974 465 1124 536 ilician-

55 584 189 668 driam,
213 594 273 665 ut,
301 602 419 674 quum
447 601 524 648 eam
555 603 643 676 pace
674 576 920 675 praesidiisque
950 576 1124 661 firmaris,

53 693 268 764 Ptolemaeus
293 687 417 759 redeat
441 690 479 756 in
507 685 723 784 regnum¹⁶:
747 691 795 759 ita
821 686 917 776 fore,
938 704 979 759 ut
1000 714 1065 788 per
1088 705 1123 761 te

53 805 277 887 restituatur,
294 797 604 896 quemadmodum
622 812 767 869 senatus
787 800 892 868 initio
909 803 1067 886 censuit,
1087 815 1124 869 et

55 916 137 984 sine
155 907 391 981 multitudine
407 908 614 994 reducatur,
631 906 941 1005 quemadmodum
957 907 1124 979 homines

53 1023 212 1118 religiosi
223 1029 252 1074 ¹⁷
267 1017 408 1114 Sibylla
419 1019 560 1115 placere
575 1017 756 1088 dixerunt.
771 1016 840 1089 Sed
853 1017 928 1087 baec
945 1023 1124 1089 sententia

52 1135 108 1202 sic
121 1145 160 1202 et
175 1131 245 1216 illi,
261 1143 297 1199 et
313 1127 420 1198 nobis
436 1126 677 1226 probabatur,
698 1141 739 1196 ut
752 1152 796 1196 ex
810 1140 943 1197 eventu
958 1125 1124 1199 homines

51 1241 101 1312 de
119 1256 185 1311 tuo
201 1238 353 1310 consilio
368 1240 634 1308 existimaturos
650 1235 873 1307 videremus:
894 1239 922 1307 si
937 1235 1124 1307 cecidisset

53 1366 97 1421 ut
113 1345 322 1421 volumus¹⁸
340 1362 377 1418 et
396 1362 582 1445 optamus,
606 1370 733 1416 omnes
759 1359 794 1415 te
816 1359 853 1415 et
876 1347 1069 1442 sapienter,
1087 1362 1125 1417 et

51 1457 217 1545 fortiter3
231 1460 285 1527 sin
298 1456 437 1553 aliquid
453 1472 548 1528 esset
561 1453 743 1527 offensum
755 1465 798 1539 ¹9,
810 1453 956 1527 eosdem
975 1456 1075 1544 illos,
1088 1471 1125 1526 et

52 1569 190 1668 cupide
202 1582 240 1640 et
252 1582 386 1638 temere
400 1565 541 1654 fecisse,
555 1564 726 1636 dicturos.
743 1567 863 1655 Quare
877 1562 967 1661 quid
981 1570 1123 1663 assequi

51 1681 192 1776 possis,
214 1704 289 1750 nou
316 1693 389 1748 tam
413 1677 515 1752 facile
543 1692 598 1748 est
623 1675 747 1763 nobis,
776 1699 885 1771 quam
913 1675 996 1763 tibi,
1020 1679 1124 1772 cujus

52 1813 172 1886 prope
196 1791 235 1858 in
259 1803 457 1886 conspectu
474 1791 648 1885 AEgyptus
669 1801 740 1872 est,
760 1784 934 1881 judicare.
952 1789 1028 1858 Nos
1044 1791 1125 1884 qui·

53 1897 142 1968 dem
166 1896 238 1968 hoc
262 1901 458 1971 sentimus:
479 1901 507 1968 si
532 1896 759 1994 exploratum
782 1895 847 1966 tibi
875 1899 939 1978 sit,
959 1919 1064 1993 posse
1089 1911 1124 1969 te

55 2009 153 2077 illius
168 2010 268 2104 regni
283 2011 411 2104 potiri,
431 2032 505 2078 non
524 2032 600 2078 esse
622 2004 888 2090 cunctandum,
908 2009 936 2075 si
950 2004 1124 2090 dubium,

57 2140 133 2186 non
156 2141 233 2187 esse
254 2116 472 2187 conandum.
491 2117 585 2187 Illud
607 2116 670 2187 tibi
695 2114 853 2200 affirmo,
873 2118 900 2184 si
923 2140 998 2186 rem
1019 2119 1122 2186 istam

55 2250 98 2294 ex
120 2227 298 2296 sententia
318 2229 483 2321 gesseris,
499 2223 594 2311 fore,
613 2241 654 2296 ut
669 2225 799 2296 absens
815 2249 836 2295 a
852 2226 991 2313 multia,
1006 2251 1122 2322 quum

57 2331 225 2421 redieris,
253 2333 300 2404 ab
326 2335 498 2405 omnibus
529 2335 753 2406 collaudere:
779 2334 1020 2407 offensionem
1046 2363 1122 2407 esse

58 2445 311 2539 periculosam,
332 2458 481 2542 propter
498 2447 748 2542 interpositam
770 2448 1019 2516 auctoritatem
1045 2447 1124 2517 reli·

62 2554 296 2650 gionemque,
312 2552 430 2624 video.
451 2553 519 2625 Sed
536 2578 604 2650 ego
622 2569 676 2642 te,
697 2571 738 2636 ut
757 2554 802 2630 ad
824 2570 957 2626 certam
977 2555 1119 2627 laudem

63 2658 249 2749 adhortor,
274 2665 370 2732 sica
395 2662 628 2734 dimicatione
655 2663 839 2749 deterreo;
866 2665 1048 2764 redeoque
1075 2666 1121 2736 ad

10 2766 14 2867 ζ
68 2770 163 2859 illud,
173 2772 276 2870 quod
291 2775 395 2844 initio
409 2777 551 2872 scripsi,
566 2777 677 2859 totius
690 2772 772 2847 facti
787 2779 839 2845 tui
851 2773 1030 2871 judicium
1046 2801 1120 2846 non

72 2892 131 2951 tam
151 2908 196 2953 ex
218 2884 369 2953 consilio
392 2898 474 2969 tuo,
494 2908 603 2981 quam
628 2909 671 2954 ex
698 2899 831 2955 eventu
853 2884 1019 2954 homines
1045 2910 1121 2955 esse

74 2985 228 3063 facturos.

15 3160 20 3171 .
110 3101 214 3192 Quod
231 3104 260 3171 si
275 3101 350 3172 haec
361 3107 452 3173 ratio
467 3107 517 3174 rei
530 3103 694 3200 gerenda
707 3103 908 3202 periculosa
922 3102 987 3173 tibi
999 3114 1032 3146 ²⁰
1044 3129 1121 3175 esse

103 3283 137 3330 ro.
156 3282 250 3329 Redeat
268 3283 293 3330 in
313 3298 423 3347 reguum.
443 3284 568 3332 Nouate
612 3285 728 3332 sententia
743 3282 870 3348 gestaris».
889 3283 1040 3331 Tramlatum
1055 3284 1122 3333 vide·

75 3358 198 3421 reducatur,
211 3371 339 3410 utcontra
349 3374 446 3410 senatus
454 3363 567 3410 voluuta-
611 3373 652 3411 tur
664 3379 678 3410 a
693 3362 759 3420 talia,
775 3362 851 3411 modo
865 3374 892 3411 ut
901 3363 1030 3421 volumus,
1044 3364 1120 3412 modo

74 3448 109 3486 ten
120 3442 265 3500 committas,
273 3440 487 3499 aed‚Alaxandria
498 3443 567 3506 priua
612 3451 695 3488 contra
718 3457 791 3505 quam
816 3442 941 3499 volumus,
969 3443 1120 3491 cadentibus.

72 3528 195 3585 ttepace,
212 3518 566 3585 praesidiisquafirmuta,ipae
649 3535 688 3582 ¹9·
707 3522 776 3568 Esset
792 3518 921 3585 offensum.
944 3521 969 3570 si
989 3520 1121 3570 difficulta-

71 3596 144 3647 Μαι.
153 3600 230 3647 Mal.
611 3610 658 3646 tem
674 3614 711 3645 rra
724 3599 861 3659 habuisset,
873 3610 896 3647 et
911 3600 1080 3649 Alexandrinis
1088 3619 1123 3649 re-

97 3692 135 3738 ¹7·
149 3677 266 3725 Homines
279 3677 395 3742 religiosi.
410 3677 567 3739 Quindecim·
611 3693 665 3740 gem
686 3679 868 3737 recusantibus,
886 3690 987 3728 rentum
1007 3690 1069 3727 aaaet
1090 3678 1120 3726 ad

66 3755 120 3804 tiron
139 3757 260 3807 librorum
283 3757 459 3822 Sibyllinorum
481 3769 563 3806 custo-
607 3758 761 3806 armaMau.

62 3834 111 3893 det,
120 3836 160 3884 vel
174 3837 288 3884 tribunos
302 3834 395 3900 plebia,
408 3835 487 3899 arguit
500 3835 564 3884 lictae
644 3852 684 3884 ao.
691 3837 830 3886 Periculosa
839 3837 883 3885 tibi
888 3837 1120 3887 ...videbitunvisa

59 3915 185 3978 religionis.
194 3915 255 3963 vid.
265 3931 305 3979 ep.
316 3924 340 3970 t.
353 3916 400 3963 Eu.
609 3926 654 3964 est.
666 3915 723 3964 Non
733 3918 796 3964 enim
808 3917 935 3965 consilium
946 3916 1006 3965 illud
1019 3917 1121 3966 Cicero·

93 3994 132 4042 nt.
145 3994 174 4041 Si
189 3992 314 4041 miiitiae!
328 4004 355 4039 ut
367 3993 487 4040 volumus.
500 3994 564 4041 lnsra
609 3996 646 4041 nis
665 4007 688 4043 et
707 3997 816 4061 Pompeii
834 4007 951 4060 sequutus
971 4008 1006 4044 est
1033 3998 1122 4044 Lentu-

55 4073 117 4121 idm
135 4072 192 4121 aliia
210 4072 307 4121 verbis:
322 4072 366 4118 ·Si
384 4088 434 4120 rem
447 4073 517 4121 istam
535 4089 564 4121 ex
608 4074 654 4122 lua.
668 4080 737 4125 Mau.
