2656 5256
15 19 1253 393 -

1118 449 1128 464 Ι

147 890 167 936 a
472 863 521 931 M.
546 862 583 930 T.
612 863 891 933 CICERONIS

145 986 234 1058 mibi
251 1009 328 1056 esse
346 981 513 1054 acerbam
529 997 668 1081 putem.
686 989 729 1054 In
747 1007 853 1054 cansa
869 983 946 1054 haec
960 997 1057 1055 sunt.
1069 991 1222 1057 Ammo·

145 1101 245 1182 nius,
262 1098 357 1191 regis
373 1094 662 1191 legatus,aperte
678 1097 834 1191 pecunia
851 1119 918 1164 nos
934 1093 1135 1192 o'ppngnat.
1149 1098 1221 1168 Res

144 1209 264 1302 agitur
285 1229 352 1303 per
377 1201 525 1274 eosdem
549 1201 786 1291 creditorem,
810 1228 876 1302 per
899 1215 1011 1300 qnos,
1035 1230 1152 1302 quum
1179 1221 1220 1278 tu

144 1316 286 1404 aderas,
299 1312 485 1411 agebatur.
503 1316 610 1409 Regis
629 1337 752 1398 causa,
764 1317 792 1384 si
810 1317 876 1412 qui
892 1328 995 1401 snut,
1008 1317 1073 1411 qui
1089 1315 1219 1407 velint,

144 1430 209 1523 qui
225 1427 331 1524 pauci
355 1437 459 1510 sunt,
481 1446 609 1494 omnes
624 1449 700 1494 rem
715 1423 761 1494 ad
775 1426 991 1522 Pompeium
1005 1423 1139 1497 deferri
1153 1451 1217 1498 vo·

145 1538 235 1609 lunt.
262 1539 413 1606 Senatus
441 1534 626 1629 roligionis
650 1534 869 1604 calumniam
880 1545 907 1621 ⁷,
923 1559 998 1604 non
1023 1535 1217 1631 religione,

70 1642 75 1651 ’
145 1647 210 1721 sed
233 1644 485 1715 malevolentia
496 1633 530 1730 ⁸,
551 1658 595 1714 et.
608 1644 705 1714 illius
727 1648 832 1741 regiae
855 1645 1053 1740 largitionis
1081 1646 1217 1718 invidia

145 1745 370 1854 comprobat.
399 1755 614 1850 Pompeium
641 1769 677 1824 et
702 1752 858 1841 hortari,
883 1769 920 1824 et
943 1778 1064 1843 orare,
1086 1756 1215 1852 etjam

145 1867 295 1939 liberius
311 1887 480 1935 accusare
488 1872 518 1948 ⁹,
534 1879 571 1933 et
584 1878 799 1951 monere,ut
813 1873 1019 1960 magnam¹⁰
1029 1862 1216 1936 infamiam

179 2064 204 2112 6.
221 2060 364 2110 Creditores.
389 2061 439 2122 Qui
460 2074 511 2106 non
531 2059 610 2106 solum
630 2059 657 2106 id
701 2060 758 2108 nina
780 2060 942 2124 quorumdam
960 2069 1100 2108 senatorum
1121 2063 1217 2111 suimus

143 2142 261 2208 agebant,
281 2151 309 2188 ut
337 2155 381 2186 rex
406 2140 584 2197 restitueretur,
606 2153 656 2201 quo
700 2139 894 2203 apertepecuuis
908 2150 1088 2202 corrumperet,
1103 2140 1217 2205 salargi-

143 2222 247 2271 eretlitas
265 2221 288 2265 ei
301 2217 419 2282 pecunias
433 2216 530 2278 exigere
544 2226 656 2279 possent3
700 2218 737 2265 tio
751 2218 913 2281 turpissimam
924 2218 1029 2265 infamiae
1038 2229 1122 2266 notaui
1133 2217 1217 2269 ordini

142 2316 227 2350 verum
255 2298 327 2345 etiam
358 2305 441 2359 aperte
467 2293 582 2358 pecunias
609 2310 655 2358 pro
699 2296 807 2344 inureret
821 2297 942 2345 universo.
956 2297 1075 2346 Mss.—
1089 2297 1138 2345 liic
1152 2297 1217 2346 isaei·

61 2390 66 2399 “
142 2379 260 2444 Pompeio
274 2387 358 2425 contra
373 2373 501 2422 lentulum
517 2373 656 2438 suppedito·
700 2374 768 2421 diam
782 2391 833 2422 esse
849 2376 955 2423 arbitror
968 2377 1137 2424 offensionem.
1152 2379 1217 2427 lnvi·

144 2464 217 2520 baut,
237 2459 305 2524 quod
328 2473 408 2521 regem
431 2472 520 2521 cupere
537 2457 656 2520 intellige·
701 2454 765 2502 diam
775 2453 897 2502 idbabere
907 2455 1055 2515 dicitur,sut
1065 2455 1216 2505 invidiosum

144 2542 212 2590 bant.
222 2538 280 2585 vid.
292 2536 323 2585 ad
338 2538 370 2598 Q.
386 2539 425 2583 Fr.
439 2537 478 2594 11,
493 2553 532 2600 ep.
547 2550 571 2582 a.
586 2537 657 2582 Mars.
700 2549 765 2591 esse,
782 2533 850 2597 quod
868 2532 980 2582 bomines
994 2550 1044 2582 non
1058 2533 1166 2584 libenter
1179 2539 1216 2585 vi-

181 2638 205 2680 7.
229 2616 357 2681 Relbgs'onis
379 2614 535 2664 calumniam.
557 2614 658 2679 Sibyllae
702 2613 865 2662 denubuors.

145 2714 229 2746 versus
246 2697 348 2760 AEgypti
371 2711 452 2757 regem
471 2711 527 2742 cum
549 2695 658 2742 exercitu
736 2709 761 2755 9.
790 2692 898 2739 Liberius
919 2707 1044 2740 accersere.
1064 2694 1155 2741 Levius
1178 2705 1215 2744 est

144 2776 228 2825 reduci
245 2774 371 2829 retribuum
393 2775 462 2833 cujus
481 2773 574 2819 oraculi
584 2771 658 2819 verba
700 2787 785 2835 qnam,
796 2771 871 2818 libere
883 2787 1004 2821 accusare.
1014 2772 1077 2820 Nam
1089 2773 1216 2822 interdum

144 2854 210 2919 apud
234 2852 354 2908 Dionem,
381 2850 424 2898 lib.
447 2853 578 2908 xxxlx,
605 2850 657 2898 baec
699 2848 944 2898 efficacitatiaminua
960 2850 1062 2909 babent,
1078 2867 1214 2914 quaecum·

145 2944 218 2981 suut:
240 2930 287 2977 -Si
301 2946 344 2976 rex
355 2928 468 2992 Egypti,
486 2929 577 2976 auxilio
593 2928 657 2976 indi·
699 2929 801 2992 parandi
822 2929 935 2977 adverbia
958 2931 1108 2994 grammatici
1127 2931 1215 2995 appel·

145 3028 203 3077 gem
216 3009 312 3071 aliquo,
328 3008 435 3065 tenerit,
456 3007 585 3053 amicitiam
601 3008 656 3069 qui·
699 3008 765 3065 lant,
779 3024 850 3071 quarn
864 3024 920 3071 qnae
933 3008 1084 3072 simpliciter,
1097 3010 1150 3056 sine
1164 3010 1215 3062 ulla

145 3091 201 3138 dem
221 3088 243 3136 ei
265 3104 295 3133 ne
319 3085 506 3149 denegaveritis3
526 3101 557 3132 ne
577 3097 657 3133 tamen
700 3088 879 3150 comparatione
897 3089 1060 3135 enuntiantur.
1077 3089 1213 3137 Accusatio

143 3186 200 3217 eum
214 3165 370 3215 multitudine
383 3163 463 3227 eliqua
474 3164 604 3225 juveritis:
619 3165 656 3213 siu
699 3176 778 3211 sutem
788 3177 854 3212 extra
861 3165 981 3226 judicium
991 3167 1063 3214 etiam
1074 3168 1099 3214 in
1110 3168 1214 3231 privatis

143 3249 227 3306 aliter,
245 3257 270 3293 et
285 3243 396 3301 labores,
415 3255 440 3291 et
459 3244 567 3306 pericula
583 3245 657 3291 babe-
699 3242 785 3301 rebus,
801 3256 873 3307 atque
889 3244 951 3292 adeo
969 3246 1032 3292 inter
1052 3262 1134 3293 amore
1154 3263 1214 3295 oon·

144 3328 202 3374 bitis
215 3348 235 3372 n.
255 3323 355 3381 Cicero,
376 3322 419 3384 qui
435 3321 606 3371 reductionem
620 3340 657 3369 re·
696 3324 874 3384 junctissimos,
884 3324 966 3373 locutu
979 3326 1059 3374 babet.
1071 3329 1156 3391 ltaque
1166 3344 1212 3375 uo·

144 3409 194 3469 gis,
206 3403 302 3454 Lentuli
316 3404 403 3466 gratia,
416 3404 571 3451 vehementer
584 3420 657 3468 cupe-
699 3405 806 3451 sterOil.
816 3407 869 3453 111:
881 3405 1033 3452 «Accersebit
1043 3415 1136 3467 patrem
1145 3403 1212 3455 lilios

144 3496 195 3543 ret,
216 3481 366 3532 calumniam
392 3481 514 3545 religionis
535 3482 657 3546 appellat,
699 3481 788 3529 nefaria
807 3482 837 3529 de
855 3485 932 3545 [ratris
948 3483 1131 3546 cogitantcmn,
1148 3500 1212 3549 pro,

144 3565 170 3611 id
181 3574 230 3623 est,
243 3561 386 3608 malitiosam
397 3571 422 3608 et
433 3558 515 3607 fictam
531 3561 562 3609 tle
575 3561 657 3627 Sibyl·
698 3560 863 3624 reprehendet.
875 3563 946 3608 Mars.

144 3643 200 3690 linis
215 3640 326 3689 versibus
343 3641 486 3687 orationem.
500 3641 606 3688 Maeror.
620 3667 656 3676 —
736 3656 776 3688 ro.
790 3643 910 3704 Magnum
922 3638 1210 3705 infamiam.Triplioem;

145 3727 254 3769 Lucanus
266 3717 339 3778 hujus
351 3719 442 3765 oraculi
456 3721 565 3766 meminit
578 3722 654 3778 vm,
698 3719 736 3766 vel
752 3720 840 3782 ingrati
853 3720 939 3776 animi,
952 3721 995 3782 qui
1007 3719 1125 3779 Lentulo,
1139 3722 1212 3782 cujus

146 3806 213 3855 ttae:
232 3820 244 3840 α
254 3798 369 3845 Cumauae
389 3800 497 3846 carmine
514 3800 576 3846 vatis
593 3801 655 3848 (bu-
698 3814 753 3860 erga
767 3815 792 3845 se
803 3797 884 3845 ossicia
898 3815 972 3861 quum
984 3799 1010 3844 in
1025 3814 1136 3846 sermone
1147 3816 1210 3862 quo·

144 3891 207 3937 tum,
228 3895 258 3924 ne
280 3877 330 3925 Nili
355 3876 450 3924 Pelusia
475 3888 584 3942 taugeret
612 3893 654 3924 ora
698 3866 804 3934 tidiano,
818 3888 868 3925 tum
883 3877 907 3922 in
920 3877 1093 3939 senatupslsm
1103 3892 1211 3926 oomme-

143 3959 273 4021 llesperim
286 3956 369 4015 miles,
389 3958 501 4020 ripasque
519 3967 601 4004 aestste
617 3968 655 4004 tu·
697 3966 845 4013 motuverat,
856 3956 1020 4003 reductionem
1029 3956 1093 4019 regis
1102 3956 1211 4005 Alenu-

144 4047 261 4084 mentcsn.
271 4037 320 4083 ltn.
697 4035 776 4093 drini,
793 4037 925 4100 praesertim
937 4036 958 4082 ei
969 4037 1018 4095 jam
1037 4051 1050 4081 s
1067 4047 1153 4084 senne
1169 4036 1210 4084 de·

178 4112 467 4163 8.rl!alerolents'a.1)uas
479 4130 563 4161 causas
575 4115 654 4183 affer,
697 4127 800 4173 cretam,
813 4126 943 4162 conaretur
955 4116 1057 4178 eripete;
1072 4116 1112 4163 vel
1124 4117 1210 4164 itermo-

141 4213 216 4260 square
226 4203 375 4259 praeceptum
387 4191 487 4257 Sibylla
503 4193 534 4240 sle
550 4210 599 4241 non
618 4211 653 4241 re·
696 4195 785 4241 deratae
803 4194 956 4254 ambitionis,
981 4194 1024 4255 qui
1044 4195 1145 4242 summis
1157 4197 1208 4255 jam

141 4274 255 4322 ducendo
275 4289 330 4319 curn
351 4272 461 4318 exercitu
481 4287 537 4334 rege
559 4273 652 4319 senatui
696 4272 1209 4337 perfunctusbonoribus,triumquetrium·

140 4353 264 4416 placeret:
279 4349 488 4406 sualevolentiam,
506 4350 563 4413 quin
577 4350 607 4397 de
621 4351 653 4398 le·
694 4353 799 4416 phorum
814 4352 889 4414 gloria
904 4351 1086 4414 circumfluens,
1100 4354 1209 4401 frumeu-

140 4433 200 4493 gstis
224 4429 347 4495 AEgyptiia
370 4428 485 4476 mandato
502 4429 565 4492 regis
589 4430 651 4479 elam
694 4431 754 4479 toria
779 4431 850 4478 etism
875 4433 1012 4487 curatione,
1036 4446 1128 4478 summa
1149 4447 1207 4479 cum

137 4511 270 4557 interiectis
287 4507 474 4572 percrebuisset3
487 4509 559 4572 regiae
578 4508 650 4572 largi·
693 4520 826 4574 potestate,
838 4508 922 4573 paullo
932 4520 988 4557 ante
999 4521 1111 4569 ornatus,
1124 4521 1207 4559 temen
1223 4518 1229 4525 '

136 4589 211 4636 tionis
229 4588 358 4647 imidiam,
373 4589 441 4651 quia,
456 4602 531 4650 quum
544 4592 648 4649 ,murno-
692 4588 731 4636 bis
741 4604 792 4637 uon
801 4597 938 4648 contentus,
949 4588 1067 4637 bonorem
1077 4599 1206 4657 praeteses,
