<?xml version="1.0" encoding="UTF-8"?>
<!DOCTYPE html PUBLIC "-//W3C//DTD XHTML 1.0 Transitional//EN"
    "http://www.w3.org/TR/xhtml1/DTD/xhtml1-transitional.dtd">
<html xmlns="http://www.w3.org/1999/xhtml" xml:lang="en" lang="en">
 <head>
  <title>
</title>
<meta http-equiv="Content-Type" content="text/html;charset=utf-8" />
  <meta name='ocr-system' content='tesseract 3.04.00' />
  <meta name='ocr-capabilities' content='ocr_page ocr_carea ocr_par ocr_line ocrx_word'/>
</head>
<body>
  <div class='ocr_page' id='page_1' title='image "bibliothecaclas71lemagoog_0017.png"; bbox 0 0 2656 5256; ppageno 0'>
   <div class='ocr_carea' id='block_1_1' title="bbox 40 772 1277 4583">
    <p class='ocr_par' dir='ltr' id='par_1_1' title="bbox 156 772 1274 1250">
     <span class='ocr_line' id='line_1_1' title="bbox 156 772 870 864; baseline 0.006 -23"><span class='ocrx_word' id='word_1_1' title='bbox 156 854 164 862; x_wconf 50' lang='grc'>,</span> <span class='ocrx_word' id='word_1_2' title='bbox 199 772 222 864; x_wconf 86' lang='lat' dir='ltr'><strong>ij</strong></span> <span class='ocrx_word' id='word_1_3' title='bbox 594 777 870 847; x_wconf 77' lang='lat' dir='ltr'><strong>Panemo</strong></span> 
     </span>
     <span class='ocr_line' id='line_1_2' title="bbox 198 891 1274 1004; baseline 0.004 -33"><span class='ocrx_word' id='word_1_4' title='bbox 198 891 420 1002; x_wconf 90' lang='lat' dir='ltr'><strong>prodeunt,</strong></span> <span class='ocrx_word' id='word_1_5' title='bbox 440 923 596 1002; x_wconf 89' lang='lat' dir='ltr'><strong>sparsas</strong></span> <span class='ocrx_word' id='word_1_6' title='bbox 612 897 787 976; x_wconf 91' lang='lat' dir='ltr'><strong>eruimus</strong></span> <span class='ocrx_word' id='word_1_7' title='bbox 805 915 845 977; x_wconf 88' lang='lat' dir='ltr'><strong>et</strong></span> <span class='ocrx_word' id='word_1_8' title='bbox 862 894 1104 1004; x_wconf 85' lang='lat' dir='ltr'><strong>collegimus,</strong></span> <span class='ocrx_word' id='word_1_9' title='bbox 1125 914 1171 975; x_wconf 87' lang='lat' dir='ltr'><strong>ut</strong></span> <span class='ocrx_word' id='word_1_10' title='bbox 1190 925 1274 975; x_wconf 92' lang='lat' dir='ltr'><strong>uno</strong></span> 
     </span>
     <span class='ocr_line' id='line_1_3' title="bbox 198 1017 1274 1129; baseline 0.003 -35"><span class='ocrx_word' id='word_1_11' title='bbox 198 1017 375 1124; x_wconf 90' lang='lat' dir='ltr'><strong>quodam</strong></span> <span class='ocrx_word' id='word_1_12' title='bbox 400 1017 587 1097; x_wconf 88' lang='lat' dir='ltr'><strong>fasciculo</strong></span> <span class='ocrx_word' id='word_1_13' title='bbox 615 1017 814 1129; x_wconf 87' lang='lat' dir='ltr'><strong>quidquid</strong></span> <span class='ocrx_word' id='word_1_14' title='bbox 847 1020 890 1098; x_wconf 91' lang='lat' dir='ltr'><strong>in</strong></span> <span class='ocrx_word' id='word_1_15' title='bbox 917 1047 1038 1128; x_wconf 90' lang='lat' dir='ltr'><strong>opera</strong></span> <span class='ocrx_word' id='word_1_16' title='bbox 1066 1020 1274 1100; x_wconf 84' lang='lat' dir='ltr'><strong>Ciceronis</strong></span> 
     </span>
     <span class='ocr_line' id='line_1_4' title="bbox 196 1141 1274 1250; baseline 0 -31"><span class='ocrx_word' id='word_1_17' title='bbox 196 1168 269 1248; x_wconf 93' lang='lat' dir='ltr'><strong>per</strong></span> <span class='ocrx_word' id='word_1_18' title='bbox 290 1141 456 1247; x_wconf 85' lang='lat' dir='ltr'><strong>triginta</strong></span> <span class='ocrx_word' id='word_1_19' title='bbox 486 1142 605 1220; x_wconf 90' lang='lat' dir='ltr'><strong>hosce</strong></span> <span class='ocrx_word' id='word_1_20' title='bbox 630 1170 756 1222; x_wconf 90' lang='lat' dir='ltr'><strong>annos</strong></span> <span class='ocrx_word' id='word_1_21' title='bbox 779 1145 942 1250; x_wconf 88' lang='lat' dir='ltr'><strong>Europa</strong></span> <span class='ocrx_word' id='word_1_22' title='bbox 969 1144 1151 1222; x_wconf 90' lang='lat' dir='ltr'><strong>universa</strong></span> <span class='ocrx_word' id='word_1_23' title='bbox 1177 1171 1274 1222; x_wconf 89' lang='lat' dir='ltr'><strong>con-</strong></span> 
     </span>
    </p>

    <p class='ocr_par' dir='ltr' id='par_1_2' title="bbox 196 1266 593 1364">
     <span class='ocr_line' id='line_1_5' title="bbox 196 1266 593 1364; baseline 0.005 -20"><span class='ocrx_word' id='word_1_24' title='bbox 196 1266 303 1364; x_wconf 87' lang='lat' dir='ltr'><strong>tulit,</strong></span> <span class='ocrx_word' id='word_1_25' title='bbox 323 1284 593 1346; x_wconf 87' lang='lat' dir='ltr'><strong>connectatur.</strong></span> 
     </span>
    </p>

    <p class='ocr_par' dir='ltr' id='par_1_3' title="bbox 40 1390 1277 4583">
     <span class='ocr_line' id='line_1_6' title="bbox 248 1390 1273 1499; baseline 0.002 -32"><span class='ocrx_word' id='word_1_26' title='bbox 248 1390 426 1468; x_wconf 88' lang='lat' dir='ltr'><strong>Titulum</strong></span> <span class='ocrx_word' id='word_1_27' title='bbox 442 1408 574 1469; x_wconf 87' lang='lat' dir='ltr'><strong>autem</strong></span> <span class='ocrx_word' id='word_1_28' title='bbox 588 1391 858 1498; x_wconf 87' lang='lat' dir='ltr'><strong>Epistolarum</strong></span> <span class='ocrx_word' id='word_1_29' title='bbox 870 1390 932 1468; x_wconf 90' lang='lat' dir='ltr'><strong>ad</strong></span> <span class='ocrx_word' id='word_1_30' title='bbox 939 1391 1136 1485; x_wconf 80' lang='lat' dir='ltr'><strong>Diversus,</strong></span> <span class='ocrx_word' id='word_1_31' title='bbox 1152 1419 1273 1499; x_wconf 91' lang='lat' dir='ltr'><strong>quem</strong></span> 
     </span>
     <span class='ocr_line' id='line_1_7' title="bbox 178 1511 1270 1621; baseline 0.003 -31"><span class='ocrx_word' id='word_1_32' title='bbox 178 1537 180 1540; x_wconf 87' lang='grc'><strong><em>·</em></strong></span> <span class='ocrx_word' id='word_1_33' title='bbox 195 1513 441 1621; x_wconf 86' lang='lat' dir='ltr'><strong>praefeoimus</strong></span> <span class='ocrx_word' id='word_1_34' title='bbox 451 1514 514 1592; x_wconf 92' lang='lat' dir='ltr'><strong>his</strong></span> <span class='ocrx_word' id='word_1_35' title='bbox 523 1514 738 1621; x_wconf 85' lang='lat' dir='ltr'><strong>quaevulgo</strong></span> <span class='ocrx_word' id='word_1_36' title='bbox 748 1512 938 1593; x_wconf 91' lang='lat' dir='ltr'><strong>dicuntur</strong></span> <span class='ocrx_word' id='word_1_37' title='bbox 948 1514 1010 1591; x_wconf 86' lang='lat' dir='ltr'><strong>ad</strong></span> <span class='ocrx_word' id='word_1_38' title='bbox 1016 1511 1270 1608; x_wconf 78' lang='lat' dir='ltr'><strong>Familiares,</strong></span> 
     </span>
     <span class='ocr_line' id='line_1_8' title="bbox 195 1633 1272 1744; baseline 0 -30"><span class='ocrx_word' id='word_1_39' title='bbox 195 1635 405 1717; x_wconf 90' lang='lat' dir='ltr'><strong>Schiitzius</strong></span> <span class='ocrx_word' id='word_1_40' title='bbox 421 1633 584 1744; x_wconf 89' lang='lat' dir='ltr'><strong>quidem</strong></span> <span class='ocrx_word' id='word_1_41' title='bbox 602 1653 647 1714; x_wconf 97' lang='lat' dir='ltr'><strong>ut</strong></span> <span class='ocrx_word' id='word_1_42' title='bbox 663 1665 806 1743; x_wconf 91' lang='lat' dir='ltr'><strong>parum</strong></span> <span class='ocrx_word' id='word_1_43' title='bbox 825 1636 992 1714; x_wconf 89' lang='lat' dir='ltr'><strong>latinum</strong></span> <span class='ocrx_word' id='word_1_44' title='bbox 1009 1634 1272 1743; x_wconf 87' lang='lat' dir='ltr'><strong>improbavit,</strong></span> 
     </span>
     <span class='ocr_line' id='line_1_9' title="bbox 193 1759 1270 1868; baseline -0.003 -27"><span class='ocrx_word' id='word_1_45' title='bbox 193 1759 261 1841; x_wconf 86' lang='lat' dir='ltr'><strong>sed</strong></span> <span class='ocrx_word' id='word_1_46' title='bbox 294 1759 447 1839; x_wconf 91' lang='lat' dir='ltr'><strong>nullum</strong></span> <span class='ocrx_word' id='word_1_47' title='bbox 478 1761 610 1867; x_wconf 87' lang='lat' dir='ltr'><strong>aptius</strong></span> <span class='ocrx_word' id='word_1_48' title='bbox 643 1759 839 1858; x_wconf 82' lang='lat' dir='ltr'><strong>ostendit,</strong></span> <span class='ocrx_word' id='word_1_49' title='bbox 861 1778 901 1839; x_wconf 88' lang='lat' dir='ltr'><strong>et</strong></span> <span class='ocrx_word' id='word_1_50' title='bbox 930 1787 977 1839; x_wconf 92' lang='lat' dir='ltr'><strong>eo</strong></span> <span class='ocrx_word' id='word_1_51' title='bbox 1005 1761 1095 1868; x_wconf 91' lang='lat' dir='ltr'><strong>ipso</strong></span> <span class='ocrx_word' id='word_1_52' title='bbox 1127 1762 1270 1840; x_wconf 93' lang='lat' dir='ltr'><strong>utitur.</strong></span> 
     </span>
     <span class='ocr_line' id='line_1_10' title="bbox 195 1884 1277 1980; baseline 0 -16"><span class='ocrx_word' id='word_1_53' title='bbox 195 1885 311 1965; x_wconf 88' lang='lat' dir='ltr'><strong>Certe</strong></span> <span class='ocrx_word' id='word_1_54' title='bbox 327 1884 478 1962; x_wconf 89' lang='lat' dir='ltr'><strong>nullum</strong></span> <span class='ocrx_word' id='word_1_55' title='bbox 495 1910 543 1962; x_wconf 86' lang='lat' dir='ltr'><strong>ex</strong></span> <span class='ocrx_word' id='word_1_56' title='bbox 563 1884 645 1980; x_wconf 92' lang='lat' dir='ltr'><strong>his,</strong></span> <span class='ocrx_word' id='word_1_57' title='bbox 663 1884 743 1963; x_wconf 89' lang='lat' dir='ltr'><strong>sive</strong></span> <span class='ocrx_word' id='word_1_58' title='bbox 762 1885 821 1962; x_wconf 85' lang='lat' dir='ltr'><strong>ad</strong></span> <span class='ocrx_word' id='word_1_59' title='bbox 834 1885 1093 1979; x_wconf 72' lang='lat' dir='ltr'><strong>Familiares,</strong></span> <span class='ocrx_word' id='word_1_60' title='bbox 1115 1885 1195 1964; x_wconf 89' lang='lat' dir='ltr'><strong>sive</strong></span> <span class='ocrx_word' id='word_1_61' title='bbox 1216 1884 1277 1963; x_wconf 83' lang='lat' dir='ltr'><strong>ad</strong></span> 
     </span>
     <span class='ocr_line' id='line_1_11' title="bbox 193 2007 1273 2115; baseline -0.002 -28"><span class='ocrx_word' id='word_1_62' title='bbox 193 2010 393 2102; x_wconf 73' lang='lat' dir='ltr'><strong>Diversae,</strong></span> <span class='ocrx_word' id='word_1_63' title='bbox 419 2010 500 2087; x_wconf 89' lang='lat' dir='ltr'><strong>sive</strong></span> <span class='ocrx_word' id='word_1_64' title='bbox 519 2008 635 2086; x_wconf 88' lang='lat' dir='ltr'><strong>etiam</strong></span> <span class='ocrx_word' id='word_1_65' title='bbox 662 2008 894 2115; x_wconf 91' lang='lat' dir='ltr'><strong>simpliciter</strong></span> <span class='ocrx_word' id='word_1_66' title='bbox 913 2007 1154 2086; x_wconf 79' lang='lat' dir='ltr'><strong>Familiares</strong></span> <span class='ocrx_word' id='word_1_67' title='bbox 1168 2010 1273 2114; x_wconf 85' lang='lat' dir='ltr'><strong>Epi-</strong></span> 
     </span>
     <span class='ocr_line' id='line_1_12' title="bbox 195 2130 1272 2239; baseline -0.001 -29"><span class='ocrx_word' id='word_1_68' title='bbox 195 2133 329 2226; x_wconf 77' lang='lat' dir='ltr'><strong>stola,</strong></span> <span class='ocrx_word' id='word_1_69' title='bbox 353 2132 557 2210; x_wconf 89' lang='lat' dir='ltr'><strong>invenitur</strong></span> <span class='ocrx_word' id='word_1_70' title='bbox 583 2132 626 2209; x_wconf 93' lang='lat' dir='ltr'><strong>in</strong></span> <span class='ocrx_word' id='word_1_71' title='bbox 653 2131 857 2212; x_wconf 87' lang='lat' dir='ltr'><strong>veteribus</strong></span> <span class='ocrx_word' id='word_1_72' title='bbox 879 2130 978 2210; x_wconf 87' lang='lat' dir='ltr'><strong>MSS</strong></span> <span class='ocrx_word' id='word_1_73' title='bbox 1000 2131 1272 2239; x_wconf 89' lang='lat' dir='ltr'><strong>Epistolarum</strong></span> 
     </span>
     <span class='ocr_line' id='line_1_13' title="bbox 196 2253 1270 2362; baseline -0.002 -28"><span class='ocrx_word' id='word_1_74' title='bbox 196 2253 416 2353; x_wconf 86' lang='lat' dir='ltr'><strong>Ciceronis,</strong></span> <span class='ocrx_word' id='word_1_75' title='bbox 427 2280 556 2362; x_wconf 89' lang='lat' dir='ltr'><strong>neque</strong></span> <span class='ocrx_word' id='word_1_76' title='bbox 570 2254 613 2332; x_wconf 91' lang='lat' dir='ltr'><strong>in</strong></span> <span class='ocrx_word' id='word_1_77' title='bbox 629 2253 894 2362; x_wconf 79' lang='lat' dir='ltr'><strong>scriptoribus</strong></span> <span class='ocrx_word' id='word_1_78' title='bbox 908 2255 1006 2362; x_wconf 90' lang='lat' dir='ltr'><strong>ipsis</strong></span> <span class='ocrx_word' id='word_1_79' title='bbox 1018 2254 1152 2361; x_wconf 87' lang='lat' dir='ltr'><strong>paullo</strong></span> <span class='ocrx_word' id='word_1_80' title='bbox 1164 2255 1270 2332; x_wconf 91' lang='lat' dir='ltr'><strong>anti-</strong></span> 
     </span>
     <span class='ocr_line' id='line_1_14' title="bbox 197 2375 1272 2488; baseline -0.002 -32"><span class='ocrx_word' id='word_1_81' title='bbox 197 2377 426 2488; x_wconf 88' lang='lat' dir='ltr'><strong>quioribus,</strong></span> <span class='ocrx_word' id='word_1_82' title='bbox 441 2378 511 2486; x_wconf 94' lang='lat' dir='ltr'><strong>qui</strong></span> <span class='ocrx_word' id='word_1_83' title='bbox 527 2375 613 2455; x_wconf 89' lang='lat' dir='ltr'><strong>illas</strong></span> <span class='ocrx_word' id='word_1_84' title='bbox 626 2378 904 2483; x_wconf 85' lang='lat' dir='ltr'><strong>allegaverunt.</strong></span> <span class='ocrx_word' id='word_1_85' title='bbox 920 2381 966 2457; x_wconf 89' lang='lat' dir='ltr'><strong>A.</strong></span> <span class='ocrx_word' id='word_1_86' title='bbox 979 2375 1148 2476; x_wconf 88' lang='lat' dir='ltr'><strong>Gellius,</strong></span> <span class='ocrx_word' id='word_1_87' title='bbox 1164 2378 1272 2456; x_wconf 91' lang='lat' dir='ltr'><strong>Non.</strong></span> 
     </span>
     <span class='ocr_line' id='line_1_15' title="bbox 198 2500 1274 2600; baseline 0 -20"><span class='ocrx_word' id='word_1_88' title='bbox 198 2500 424 2600; x_wconf 82' lang='lat' dir='ltr'><strong>Marcellus,</strong></span> <span class='ocrx_word' id='word_1_89' title='bbox 443 2501 685 2600; x_wconf 82' lang='lat' dir='ltr'><strong>Priscianus,</strong></span> <span class='ocrx_word' id='word_1_90' title='bbox 707 2501 890 2580; x_wconf 85' lang='lat' dir='ltr'><strong>ordinem</strong></span> <span class='ocrx_word' id='word_1_91' title='bbox 913 2501 1007 2580; x_wconf 92' lang='lat' dir='ltr'><strong>libri</strong></span> <span class='ocrx_word' id='word_1_92' title='bbox 1029 2518 1069 2579; x_wconf 91' lang='lat' dir='ltr'><strong>et</strong></span> <span class='ocrx_word' id='word_1_93' title='bbox 1096 2501 1274 2580; x_wconf 91' lang='lat' dir='ltr'><strong>hominis</strong></span> 
     </span>
     <span class='ocr_line' id='line_1_16' title="bbox 197 2607 1274 2734; baseline 0 -32"><span class='ocrx_word' id='word_1_94' title='bbox 197 2640 362 2724; x_wconf 87' lang='lat' dir='ltr'><strong>nomen,</strong></span> <span class='ocrx_word' id='word_1_95' title='bbox 381 2623 432 2704; x_wconf 89' lang='lat' dir='ltr'><strong>ad</strong></span> <span class='ocrx_word' id='word_1_96' title='bbox 452 2652 569 2733; x_wconf 91' lang='lat' dir='ltr'><strong>quem</strong></span> <span class='ocrx_word' id='word_1_97' title='bbox 590 2653 757 2734; x_wconf 86' lang='lat' dir='ltr'><strong>quaeque</strong></span> <span class='ocrx_word' id='word_1_98' title='bbox 777 2607 932 2732; x_wconf 84' lang='lat' dir='ltr'><strong>scripta</strong></span> <span class='ocrx_word' id='word_1_99' title='bbox 946 2624 1066 2702; x_wconf 85' lang='lat' dir='ltr'><strong>fuerit</strong></span> <span class='ocrx_word' id='word_1_100' title='bbox 1085 2624 1274 2731; x_wconf 88' lang='lat' dir='ltr'><strong>epistola,</strong></span> 
     </span>
     <span class='ocr_line' id='line_1_17' title="bbox 196 2747 1275 2857; baseline 0 -31"><span class='ocrx_word' id='word_1_101' title='bbox 196 2776 416 2841; x_wconf 83' lang='lat' dir='ltr'><strong>memorare</strong></span> <span class='ocrx_word' id='word_1_102' title='bbox 451 2749 628 2827; x_wconf 85' lang='lat' dir='ltr'><strong>contenti</strong></span> <span class='ocrx_word' id='word_1_103' title='bbox 659 2766 764 2827; x_wconf 89' lang='lat' dir='ltr'><strong>sunt.</strong></span> <span class='ocrx_word' id='word_1_104' title='bbox 796 2747 1023 2857; x_wconf 85' lang='lat' dir='ltr'><strong>Aliquando</strong></span> <span class='ocrx_word' id='word_1_105' title='bbox 1053 2747 1194 2845; x_wconf 87' lang='lat' dir='ltr'><strong>etiam,</strong></span> <span class='ocrx_word' id='word_1_106' title='bbox 1228 2766 1275 2826; x_wconf 92' lang='lat' dir='ltr'><strong>ut</strong></span> 
     </span>
     <span class='ocr_line' id='line_1_18' title="bbox 165 2868 1271 2979; baseline -0.001 -30"><span class='ocrx_word' id='word_1_107' title='bbox 165 2958 169 2973; x_wconf 44' lang='grc'><em>,</em></span> <span class='ocrx_word' id='word_1_108' title='bbox 195 2871 298 2950; x_wconf 89' lang='lat' dir='ltr'><strong>liber</strong></span> <span class='ocrx_word' id='word_1_109' title='bbox 313 2869 555 2977; x_wconf 84' lang='lat' dir='ltr'><strong>designetur,</strong></span> <span class='ocrx_word' id='word_1_110' title='bbox 573 2889 743 2951; x_wconf 92' lang='lat' dir='ltr'><strong>utuntur</strong></span> <span class='ocrx_word' id='word_1_111' title='bbox 758 2901 805 2951; x_wconf 91' lang='lat' dir='ltr'><strong>co</strong></span> <span class='ocrx_word' id='word_1_112' title='bbox 822 2872 995 2969; x_wconf 90' lang='lat' dir='ltr'><strong>nomine,</strong></span> <span class='ocrx_word' id='word_1_113' title='bbox 1010 2868 1119 2979; x_wconf 92' lang='lat' dir='ltr'><strong>quod</strong></span> <span class='ocrx_word' id='word_1_114' title='bbox 1137 2873 1271 2977; x_wconf 87' lang='lat' dir='ltr'><strong>prima</strong></span> 
     </span>
     <span class='ocr_line' id='line_1_19' title="bbox 196 2991 1275 3104; baseline 0.001 -31"><span class='ocrx_word' id='word_1_115' title='bbox 196 2993 357 3104; x_wconf 86' lang='lat' dir='ltr'><strong>praefert</strong></span> <span class='ocrx_word' id='word_1_116' title='bbox 388 2994 565 3101; x_wconf 90' lang='lat' dir='ltr'><strong>epistola.</strong></span> <span class='ocrx_word' id='word_1_117' title='bbox 601 2991 782 3103; x_wconf 82' lang='lat' dir='ltr'><strong>Exempli</strong></span> <span class='ocrx_word' id='word_1_118' title='bbox 814 2996 959 3101; x_wconf 85' lang='lat' dir='ltr'><strong>gratia,</strong></span> <span class='ocrx_word' id='word_1_119' title='bbox 986 2994 1089 3073; x_wconf 89' lang='lat' dir='ltr'><strong>liber</strong></span> <span class='ocrx_word' id='word_1_120' title='bbox 1117 2994 1275 3101; x_wconf 92' lang='lat' dir='ltr'><strong>primus</strong></span> 
     </span>
     <span class='ocr_line' id='line_1_20' title="bbox 197 3116 1270 3226; baseline -0.002 -29"><span class='ocrx_word' id='word_1_121' title='bbox 197 3119 300 3198; x_wconf 83' lang='lat' dir='ltr'><strong>Aulo</strong></span> <span class='ocrx_word' id='word_1_122' title='bbox 313 3116 443 3221; x_wconf 84' lang='lat' dir='ltr'><strong>Gellio</strong></span> <span class='ocrx_word' id='word_1_123' title='bbox 457 3116 606 3197; x_wconf 89' lang='lat' dir='ltr'><strong>dicitur</strong></span> <span class='ocrx_word' id='word_1_124' title='bbox 627 3118 759 3197; x_wconf 78' lang='lat' dir='ltr'><strong>«liber</strong></span> <span class='ocrx_word' id='word_1_125' title='bbox 771 3118 1041 3226; x_wconf 88' lang='lat' dir='ltr'><strong>Epistolarum</strong></span> <span class='ocrx_word' id='word_1_126' title='bbox 1055 3117 1105 3196; x_wconf 90' lang='lat' dir='ltr'><strong>ad</strong></span> <span class='ocrx_word' id='word_1_127' title='bbox 1119 3119 1270 3195; x_wconf 91' lang='lat' dir='ltr'><strong>Lentu·</strong></span> 
     </span>
     <span class='ocr_line' id='line_1_21' title="bbox 201 3239 1274 3347; baseline 0.001 -32"><span class='ocrx_word' id='word_1_128' title='bbox 201 3277 220 3316; x_wconf 82' lang='grc'><strong>11</strong></span> <span class='ocrx_word' id='word_1_129' title='bbox 235 3242 318 3320; x_wconf 93' lang='lat' dir='ltr'><strong>lum</strong></span> <span class='ocrx_word' id='word_1_130' title='bbox 333 3274 368 3318; x_wconf 81' lang='grc'><strong>1.</strong></span> <span class='ocrx_word' id='word_1_131' title='bbox 383 3242 432 3320; x_wconf 86' lang='grc'><strong>111</strong></span> <span class='ocrx_word' id='word_1_132' title='bbox 445 3241 580 3320; x_wconf 89' lang='lat' dir='ltr'><strong>Nonio</strong></span> <span class='ocrx_word' id='word_1_133' title='bbox 597 3241 784 3347; x_wconf 73' lang='lat' dir='ltr'><strong>legimus}</strong></span> <span class='ocrx_word' id='word_1_134' title='bbox 807 3275 826 3315; x_wconf 77' lang='grc'><strong>11</strong></span> <span class='ocrx_word' id='word_1_135' title='bbox 836 3243 892 3320; x_wconf 90' lang='lat' dir='ltr'><strong>sic</strong></span> <span class='ocrx_word' id='word_1_136' title='bbox 907 3240 1048 3320; x_wconf 91' lang='lat' dir='ltr'><strong>Cicero</strong></span> <span class='ocrx_word' id='word_1_137' title='bbox 1066 3239 1117 3318; x_wconf 92' lang='lat' dir='ltr'><strong>ad</strong></span> <span class='ocrx_word' id='word_1_138' title='bbox 1127 3241 1274 3319; x_wconf 88' lang='lat' dir='ltr'><strong>Varro.</strong></span> 
     </span>
     <span class='ocr_line' id='line_1_22' title="bbox 199 3360 1273 3472; baseline 0 -32"><span class='ocrx_word' id='word_1_139' title='bbox 199 3398 218 3440; x_wconf 85' lang='lat'>«</span> <span class='ocrx_word' id='word_1_140' title='bbox 239 3393 331 3444; x_wconf 89' lang='lat' dir='ltr'><strong>nem</strong></span> <span class='ocrx_word' id='word_1_141' title='bbox 345 3364 511 3472; x_wconf 87' lang='lat' dir='ltr'><strong>epistola</strong></span> <span class='ocrx_word' id='word_1_142' title='bbox 525 3366 620 3443; x_wconf 87' lang='lat' dir='ltr'><strong>Paeti</strong></span> <span class='ocrx_word' id='word_1_143' title='bbox 634 3398 675 3464; x_wconf 85' lang='lat'><strong>»,</strong></span> <span class='ocrx_word' id='word_1_144' title='bbox 692 3366 717 3443; x_wconf 89' lang='lat' dir='ltr'><strong>i.</strong></span> <span class='ocrx_word' id='word_1_145' title='bbox 733 3393 765 3443; x_wconf 90' lang='lat' dir='ltr'><strong>c.</strong></span> <span class='ocrx_word' id='word_1_146' title='bbox 781 3366 823 3443; x_wconf 94' lang='lat' dir='ltr'><strong>in</strong></span> <span class='ocrx_word' id='word_1_147' title='bbox 844 3363 1012 3472; x_wconf 88' lang='lat' dir='ltr'><strong>epistola</strong></span> <span class='ocrx_word' id='word_1_148' title='bbox 1029 3360 1080 3441; x_wconf 87' lang='lat' dir='ltr'><strong>ad</strong></span> <span class='ocrx_word' id='word_1_149' title='bbox 1100 3364 1273 3460; x_wconf 83' lang='lat' dir='ltr'><strong>Paetum,</strong></span> 
     </span>
     <span class='ocr_line' id='line_1_23' title="bbox 40 3485 1276 3596; baseline -0.001 -31"><span class='ocrx_word' id='word_1_150' title='bbox 40 3554 47 3565; x_wconf 87' lang='lat'>.</span> <span class='ocrx_word' id='word_1_151' title='bbox 152 3581 153 3584; x_wconf 8' lang='grc' dir='ltr'><strong>Ἴ</strong></span> <span class='ocrx_word' id='word_1_152' title='bbox 198 3517 286 3596; x_wconf 89' lang='lat' dir='ltr'><strong>quae</strong></span> <span class='ocrx_word' id='word_1_153' title='bbox 308 3505 367 3567; x_wconf 91' lang='lat' dir='ltr'><strong>est</strong></span> <span class='ocrx_word' id='word_1_154' title='bbox 384 3488 426 3565; x_wconf 93' lang='lat' dir='ltr'><strong>in</strong></span> <span class='ocrx_word' id='word_1_155' title='bbox 439 3486 545 3566; x_wconf 92' lang='lat' dir='ltr'><strong>libro</strong></span> <span class='ocrx_word' id='word_1_156' title='bbox 565 3488 623 3565; x_wconf 86' lang='lat' dir='ltr'><strong>ad</strong></span> <span class='ocrx_word' id='word_1_157' title='bbox 636 3489 872 3566; x_wconf 85' lang='lat' dir='ltr'><strong>Varronem.</strong></span> <span class='ocrx_word' id='word_1_158' title='bbox 886 3487 968 3589; x_wconf 91' lang='lat' dir='ltr'><strong>Qui</strong></span> <span class='ocrx_word' id='word_1_159' title='bbox 988 3485 1152 3594; x_wconf 89' lang='lat' dir='ltr'><strong>quidem</strong></span> <span class='ocrx_word' id='word_1_160' title='bbox 1169 3485 1276 3564; x_wconf 90' lang='lat' dir='ltr'><strong>liber</strong></span> 
     </span>
     <span class='ocr_line' id='line_1_24' title="bbox 197 3607 1276 3717; baseline -0.001 -27"><span class='ocrx_word' id='word_1_161' title='bbox 197 3611 258 3690; x_wconf 87' lang='lat' dir='ltr'><strong>ad</strong></span> <span class='ocrx_word' id='word_1_162' title='bbox 270 3612 494 3688; x_wconf 86' lang='lat' dir='ltr'><strong>Varronem</strong></span> <span class='ocrx_word' id='word_1_163' title='bbox 514 3607 674 3704; x_wconf 87' lang='lat' dir='ltr'><strong>dicitur,</strong></span> <span class='ocrx_word' id='word_1_164' title='bbox 696 3611 791 3717; x_wconf 86' lang='lat' dir='ltr'><strong>quia</strong></span> <span class='ocrx_word' id='word_1_165' title='bbox 810 3609 860 3688; x_wconf 88' lang='lat' dir='ltr'><strong>ad</strong></span> <span class='ocrx_word' id='word_1_166' title='bbox 882 3609 989 3687; x_wconf 91' lang='lat' dir='ltr'><strong>hunc</strong></span> <span class='ocrx_word' id='word_1_167' title='bbox 1007 3625 1099 3686; x_wconf 91' lang='lat' dir='ltr'><strong>octo</strong></span> <span class='ocrx_word' id='word_1_168' title='bbox 1117 3608 1276 3715; x_wconf 89' lang='lat' dir='ltr'><strong>priores</strong></span> 
     </span>
     <span class='ocr_line' id='line_1_25' title="bbox 198 3730 1274 3840; baseline -0.003 -28"><span class='ocrx_word' id='word_1_169' title='bbox 198 3731 374 3840; x_wconf 87' lang='lat' dir='ltr'><strong>epistolae</strong></span> <span class='ocrx_word' id='word_1_170' title='bbox 391 3732 472 3810; x_wconf 92' lang='lat' dir='ltr'><strong>sint</strong></span> <span class='ocrx_word' id='word_1_171' title='bbox 495 3733 663 3840; x_wconf 86' lang='lat' dir='ltr'><strong>scriptae.</strong></span> <span class='ocrx_word' id='word_1_172' title='bbox 686 3731 894 3840; x_wconf 87' lang='lat' dir='ltr'><strong>Deperditi</strong></span> <span class='ocrx_word' id='word_1_173' title='bbox 917 3749 1048 3809; x_wconf 90' lang='lat' dir='ltr'><strong>autem</strong></span> <span class='ocrx_word' id='word_1_174' title='bbox 1070 3747 1164 3808; x_wconf 90' lang='lat' dir='ltr'><strong>sunt</strong></span> <span class='ocrx_word' id='word_1_175' title='bbox 1182 3730 1274 3837; x_wconf 91' lang='lat' dir='ltr'><strong>plu-</strong></span> 
     </span>
     <span class='ocr_line' id='line_1_26' title="bbox 199 3854 1274 3963; baseline -0.005 -28"><span class='ocrx_word' id='word_1_176' title='bbox 199 3885 261 3936; x_wconf 94' lang='lat' dir='ltr'><strong>res</strong></span> <span class='ocrx_word' id='word_1_177' title='bbox 271 3855 337 3934; x_wconf 92' lang='lat' dir='ltr'><strong>alii</strong></span> <span class='ocrx_word' id='word_1_178' title='bbox 349 3854 618 3963; x_wconf 83' lang='lat' dir='ltr'><strong>Epistularum</strong></span> <span class='ocrx_word' id='word_1_179' title='bbox 627 3854 722 3932; x_wconf 93' lang='lat' dir='ltr'><strong>libri</strong></span> <span class='ocrx_word' id='word_1_180' title='bbox 737 3883 909 3963; x_wconf 91' lang='lat' dir='ltr'><strong>quorum</strong></span> <span class='ocrx_word' id='word_1_181' title='bbox 925 3871 1082 3933; x_wconf 86' lang='lat' dir='ltr'><strong>exstant</strong></span> <span class='ocrx_word' id='word_1_182' title='bbox 1095 3854 1274 3949; x_wconf 87' lang='lat' dir='ltr'><strong>nomina,</strong></span> 
     </span>
     <span class='ocr_line' id='line_1_27' title="bbox 199 3977 1275 4088; baseline -0.003 -30"><span class='ocrx_word' id='word_1_183' title='bbox 199 4009 287 4088; x_wconf 87' lang='lat' dir='ltr'><strong>quae</strong></span> <span class='ocrx_word' id='word_1_184' title='bbox 314 3979 511 4058; x_wconf 84' lang='lat' dir='ltr'><strong>duxerant</strong></span> <span class='ocrx_word' id='word_1_185' title='bbox 542 3977 594 4056; x_wconf 89' lang='lat' dir='ltr'><strong>ab</strong></span> <span class='ocrx_word' id='word_1_186' title='bbox 622 3978 844 4057; x_wconf 89' lang='lat' dir='ltr'><strong>illustribus</strong></span> <span class='ocrx_word' id='word_1_187' title='bbox 869 3978 966 4057; x_wconf 92' lang='lat' dir='ltr'><strong>viris</strong></span> <span class='ocrx_word' id='word_1_188' title='bbox 996 3977 1047 4056; x_wconf 88' lang='lat' dir='ltr'><strong>ad</strong></span> <span class='ocrx_word' id='word_1_189' title='bbox 1080 4006 1181 4086; x_wconf 91' lang='lat' dir='ltr'><strong>quos</strong></span> <span class='ocrx_word' id='word_1_190' title='bbox 1211 3978 1275 4056; x_wconf 90' lang='lat' dir='ltr'><strong>vel</strong></span> 
     </span>
     <span class='ocr_line' id='line_1_28' title="bbox 198 4101 1272 4214; baseline -0.004 -29"><span class='ocrx_word' id='word_1_191' title='bbox 198 4107 374 4214; x_wconf 91' lang='lat' dir='ltr'><strong>priores,</strong></span> <span class='ocrx_word' id='word_1_192' title='bbox 407 4103 467 4182; x_wconf 90' lang='lat' dir='ltr'><strong>vel</strong></span> <span class='ocrx_word' id='word_1_193' title='bbox 496 4102 678 4210; x_wconf 86' lang='lat' dir='ltr'><strong>plurimae</strong></span> <span class='ocrx_word' id='word_1_194' title='bbox 708 4101 866 4182; x_wconf 88' lang='lat' dir='ltr'><strong>fuerant</strong></span> <span class='ocrx_word' id='word_1_195' title='bbox 897 4103 1036 4182; x_wconf 84' lang='lat' dir='ltr'><strong>missae.</strong></span> <span class='ocrx_word' id='word_1_196' title='bbox 1066 4101 1272 4210; x_wconf 78' lang='lat' dir='ltr'><strong>ReliquaS,</strong></span> 
     </span>
     <span class='ocr_line' id='line_1_29' title="bbox 67 4227 1276 4339; baseline -0.002 -30"><span class='ocrx_word' id='word_1_197' title='bbox 67 4315 71 4322; x_wconf 63' lang='grc'><strong>,</strong></span> <span class='ocrx_word' id='word_1_198' title='bbox 199 4252 298 4339; x_wconf 88' lang='lat' dir='ltr'><strong>quas</strong></span> <span class='ocrx_word' id='word_1_199' title='bbox 336 4227 551 4325; x_wconf 88' lang='lat' dir='ltr'><strong>habemus,</strong></span> <span class='ocrx_word' id='word_1_200' title='bbox 586 4245 808 4334; x_wconf 86' lang='lat' dir='ltr'><strong>nongentas</strong></span> <span class='ocrx_word' id='word_1_201' title='bbox 841 4228 921 4306; x_wconf 88' lang='lat' dir='ltr'><strong>fere</strong></span> <span class='ocrx_word' id='word_1_202' title='bbox 962 4254 1152 4328; x_wconf 86' lang='lat' dir='ltr'><strong>numera,</strong></span> <span class='ocrx_word' id='word_1_203' title='bbox 1180 4244 1276 4333; x_wconf 92' lang='lat' dir='ltr'><strong>post</strong></span> 
     </span>
     <span class='ocr_line' id='line_1_30' title="bbox 198 4349 1277 4461; baseline -0.005 -29"><span class='ocrx_word' id='word_1_204' title='bbox 198 4350 544 4461; x_wconf 84' lang='lat' dir='ltr'><strong>quadragesimum</strong></span> <span class='ocrx_word' id='word_1_205' title='bbox 569 4349 774 4430; x_wconf 88' lang='lat' dir='ltr'><strong>Ciceronis</strong></span> <span class='ocrx_word' id='word_1_206' title='bbox 804 4379 952 4429; x_wconf 90' lang='lat' dir='ltr'><strong>annum</strong></span> <span class='ocrx_word' id='word_1_207' title='bbox 981 4350 1148 4458; x_wconf 87' lang='lat' dir='ltr'><strong>scriptas</strong></span> <span class='ocrx_word' id='word_1_208' title='bbox 1176 4375 1277 4428; x_wconf 91' lang='lat' dir='ltr'><strong>con·</strong></span> 
     </span>
     <span class='ocr_line' id='line_1_31' title="bbox 198 4474 1275 4583; baseline -0.006 -27"><span class='ocrx_word' id='word_1_209' title='bbox 198 4494 287 4557; x_wconf 85' lang='lat' dir='ltr'><strong>stat.</strong></span> <span class='ocrx_word' id='word_1_210' title='bbox 298 4475 426 4558; x_wconf 89' lang='lat' dir='ltr'><strong>Multo</strong></span> <span class='ocrx_word' id='word_1_211' title='bbox 440 4475 733 4555; x_wconf 88' lang='lat' dir='ltr'><strong>numerosiores</strong></span> <span class='ocrx_word' id='word_1_212' title='bbox 743 4475 940 4583; x_wconf 87' lang='lat' dir='ltr'><strong>Epistolas</strong></span> <span class='ocrx_word' id='word_1_213' title='bbox 956 4474 1076 4556; x_wconf 83' lang='lat' dir='ltr'><strong>luisse</strong></span> <span class='ocrx_word' id='word_1_214' title='bbox 1088 4501 1170 4554; x_wconf 92' lang='lat' dir='ltr'><strong>non</strong></span> <span class='ocrx_word' id='word_1_215' title='bbox 1186 4491 1275 4552; x_wconf 85' lang='lat' dir='ltr'><strong>tan-</strong></span> 
     </span>
    </p>
   </div>
   <div class='ocr_carea' id='block_1_2' title="bbox 0 0 1333 5256">
    <p class='ocr_par' dir='ltr' id='par_1_4' title="bbox 0 0 1333 5256">
     <span class='ocr_line' id='line_1_32' title="bbox 0 0 1333 5256; baseline 0 0"><span class='ocrx_word' id='word_1_216' title='bbox 0 0 1333 5256; x_wconf 95' lang='lat' dir='ltr'><strong> </strong></span> 
     </span>
    </p>
   </div>
  </div>
 </body>
</html>
