2656 5256
485 390 761 479 EPISTOLAE,
783 397 818 479 1,
834 392 868 478 4.
1164 394 1207 469 13

151 512 260 586 ridear
276 530 429 587 tuorum
450 519 663 586 meritorum
679 528 912 612 assequutus3
922 530 986 588 aut
998 515 1208 590 doaliorum

144 626 275 719 injuriis
291 627 453 723 querar?
467 625 570 722 quod
593 630 670 697 sine
691 651 835 697 summo
857 622 982 698 dolore
998 625 1114 700 laoere
1130 653 1206 699 non

139 758 294 830 possum.
323 741 403 833 Ego
428 735 496 807 tibi
522 760 543 806 a
565 739 620 824 vi,
646 735 714 807 hac
738 740 936 834 praesertim
961 736 1206 810 imbecillitate

138 848 434 940 mgistratum,
461 859 629 943 praestare
650 845 752 917 nihil
779 871 949 944 possum:
980 850 1016 917 vi
1038 863 1206 949 excepta,

132 977 282 1050 possum
300 953 541 1044 confirmare,
561 969 616 1043 te,
636 969 674 1027 et
689 969 854 1045 senatus,
869 970 906 1028 et
920 957 1049 1055 populi
1064 965 1204 1030 romani

131 1088 276 1135 summo
290 1064 438 1155 studio,
453 1065 732 1163 amplitudinem
746 1080 846 1137 tuam
860 1068 1203 1139 retenturumvale.

125 1302 1206 1329 mmmmmmmmmss

479 1492 781 1573 EPISTOLA
814 1492 862 1571 V.

122 1674 239 1734 Scribit
252 1673 291 1732 de
305 1675 338 1734 C.
352 1676 471 1733 Catonis
482 1674 728 1753 promulgatione,
746 1672 783 1731 de
791 1685 868 1731 statu
880 1673 966 1752 regiae
981 1691 1087 1746 rausae,
1100 1675 1137 1732 de
1151 1695 1203 1733 suo

165 1773 332 1849 Setictique
365 1771 506 1842 consilio,
545 1771 628 1849 cujus
655 1791 713 1829 non
739 1769 915 1828 inhonorum
943 1782 1076 1828 eventum
1097 1786 1203 1848 eperat.

167 1867 317 1945 (Romae,
328 1883 407 1922 anno
421 1868 459 1924 U.
472 1866 507 1922 C.
520 1863 609 1940 697.)
953 1867 956 1873 ’

313 2041 362 2105 Μ.
373 2041 411 2104 Τ.
425 2043 460 2105 (L
474 2040 507 2104 S.
519 2032 558 2103 I).
572 2040 608 2103 P.
626 2033 826 2104 LENTULO
850 2038 1025 2104 PROCOS.

176 2189 345 2256 Tntrrsr
364 2183 453 2254 mihi
475 2183 566 2254 nihil
586 2182 656 2254 fuit
670 2170 847 2281 optatius,
860 2209 969 2282 quam
988 2200 1028 2256 ut
1044 2189 1203 2284 primum

130 2293 197 2364 abo
213 2308 254 2364 te
270 2297 371 2392 ipso,
386 2289 519 2364 deinde
540 2318 562 2363 a
584 2297 719 2364 caeteris
740 2293 931 2380 omnibus,
949 2319 1059 2390 qnam
1076 2300 1203 2391 gratis·

131 2407 250 2474 simus
265 2428 352 2500 erga
365 2418 400 2473 te
412 2428 488 2473 esse
503 2426 757 2499 cognoscerer:
774 2417 894 2473 tamen
907 2401 1047 2474 allicior
1059 2429 1205 2475 summo

134 2514 284 2602 dolore,
306 2512 484 2610 ejusmodi
512 2528 677 2611 tempora
700 2528 783 2610 post
813 2528 911 2583 tuam
938 2512 1201 2610 profectionem

136 2638 365 2721 consequuta
382 2646 477 2709 esse,
499 2635 597 2692 utet
619 2646 754 2709 mnam,
772 2636 809 2691 ot
833 2636 1045 2692 caeterorum
1062 2647 1145 2718 erga
1166 2638 1201 2694 te

135 2733 247 2805 fidem
259 2749 298 2804 et
310 2732 599 2803 benevolentiam
610 2743 618 2775 ¹
631 2731 761 2803 absens
772 2734 986 2830 experirore.
994 2737 1060 2802 Te²
1069 2731 1203 2819 videre,

135 2860 172 2915 et
187 2846 342 2931 sentire,
358 2841 520 2913 eamdem
537 2839 644 2911 fidem
662 2866 738 2911 esse
751 2839 944 2912 hominum
959 2845 1070 2912 intua
1085 2840 1202 2937 digni·

137 2951 246 3040 tate³,
261 2977 374 3050 quam
389 2975 457 3048 ego
475 2954 512 3019 in
527 2974 605 3020 mea
621 2950 758 3020 salutet
773 2975 854 3019 sum
871 2964 1055 3046 expertus,
1073 2973 1117 3018 ex
1131 2953 1202 3020 tuis

84 3080 86 3113 ³
137 3069 248 3138 literis
268 3067 440 3138 intellexi.
462 3070 537 3136 Nos
560 3089 676 3160 quum
697 3068 850 3135 maxime
873 3064 1044 3146 consili0‚
1062 3063 1202 3157 sardin,

136 3177 279 3263 labore,
302 3179 432 3272 gratia,
452 3172 499 3245 de
515 3199 620 3244 musa
638 3178 734 3270 regia
755 3178 974 3258 niteremur,
995 3173 1117 3244 subito
1138 3200 1200 3271 on·

136 3303 213 3356 orta
225 3283 298 3356 est⁵
306 3282 441 3355 nefaria
450 3287 596 3355 Catonis
610 3282 887 3381 promulgatio⁶,
896 3310 977 3381 quae
992 3298 1115 3355 nostra
1128 3299 1202 3354 stn-

172 3501 195 3533 ι.
205 3484 294 3532 tide·
310 3495 336 3530 et
351 3482 548 3532 benevolentia
561 3484 645 3545 Quum
724 3485 791 3532 3.1n
805 3496 849 3531 tua
863 3485 993 3550 dignitate.
1009 3486 1046 3532 De
1059 3500 1107 3547 qua
1120 3485 1200 3547 egitur

138 3563 187 3611 ht
196 3563 272 3611 mh·
283 3563 421 3611 nsamtnr
432 3562 466 3611 nd
481 3578 574 3623 neam,
587 3565 645 3610 reti·
688 3563 713 3611 in
724 3565 789 3627 regit
802 3580 881 3612 otuu.
894 3564 966 3610 Mn.

140 3655 193 3690 ιω
210 3659 280 3690 m
297 3643 405 3689 nativam
424 3639 645 3705 rignifintioum:
725 3651 749 3698 Ι..
759 3645 788 3690 ln
801 3659 855 3690 mea
864 3643 953 3690 salute.
967 3644 1051 3703 Quum
1068 3642 1100 3687 nb
1115 3641 1199 3687 amicir

140 3722 200 3768 siut
212 3734 368 3777 camna,
389 3721 484 3775 ironiae
496 3720 611 3767 dicuntur
622 3731 648 3768 et
689 3722 803 3787 proditur
812 3724 838 3768 in
851 3721 963 3768 milium
976 3720 1036 3766 abii.
1055 3720 1130 3765 Men.

141 3811 224 3847 nm
233 3798 645 3865 pffitmetmttnnnmm.
726 3802 750 3847 5.
762 3802 859 3848 &ona
877 3811 922 3848 est.
940 3801 1028 3846 t’raem
1038 3797 1200 3858 mpeetzno-

142 3882 224 3928 ὓιοι.
689 3894 758 3935 κως
769 3879 826 3942 quin
840 3881 902 3927 Crto
921 3888 945 3923 et
963 3874 1079 3924 Caninius
1099 3888 1199 3935 negare-

176 3974 201 4005 2.
222 3959 376 4006 mannae·
399 3956 485 4015 molti,
506 3958 539 4002 Te
564 3969 647 4004 arten
690 3970 746 4007 rant
757 3975 782 4006 re
792 3960 865 4007 ullam
876 3960 954 4020 legem
970 3965 1024 4001 aute
1040 3951 1138 3998 comitia
1148 3969 1201 4001 eun

147 4035 236 4089 niden,
248 4036 449 4100 pnnVictor-iun
461 4048 488 4084 et
496 4035 648 4099 habim,
692 4037 792 4086 laturoe.
804 4041 875 4086 Mn.

150 4115 187 4174 qui
198 4117 231 4161 rie
241 4116 344 4180 legerant
356 4134 371 4164 e
384 4116 457 4163 ESS-
470 4116 495 4163 J.
503 4115 535 4161 V.
548 4117 576 4164 l..
730 4119 755 4165 6.
769 4114 949 4178 Prvmnlgatt'o.
964 4112 998 4157 Ut
1011 4107 1128 4157 Lentulus
1140 4127 1153 4159 e
1164 4113 1205 4163 Ci-
