2656 5256
442 404 574 473 NOVI
607 402 877 473 EDITORIS.
1159 405 1198 501 iij

125 541 208 603 tum
238 550 397 620 omnes,
426 521 497 602 sed
514 520 614 602 ¹illas
636 523 756 603 etiam
786 550 876 632 quse
902 550 998 602 cura
1019 523 1203 626 Tironis,

126 647 331 726 Ciceronis
345 645 501 744 liberti,
515 644 772 753 prodierunt,
790 674 836 725 ex
859 647 937 727 hoc
950 648 1121 728 maxime
1133 678 1202 729 co-

127 771 344 875 gnoscitur‚
358 768 471 879 quod
486 767 600 849 multi
614 768 709 849 libri
721 768 922 850 veteribus
938 772 1204 881 scriptoribus

126 896 388 973 nominantur
404 896 570 973 omnino
586 892 807 1003 deperditi,
828 895 984 1002 primus
1003 896 1084 974 scil.
1101 895 1206 977 liber

127 1019 397 1125 Epistularum
420 1016 472 1098 ad
494 1019 659 1118 Axium3
683 1018 881 1099 secundus
901 1016 952 1098 ad
981 1018 1035 1097 Μ.
1057 1017 1206 1121 filium;

128 1143 266 1221 tertius
286 1140 341 1221 ad
358 1140 392 1220 J.
410 1142 628 1223 Caesarem:
648 1143 802 1251 primus
823 1140 874 1222 ad
895 1142 1094 1221 Licinium
1113 1142 1207 1223 Cal-

127 1296 236 1365 vum3
264 1267 411 1347 tertius
437 1265 490 1346 ad
518 1268 752 1367 Octavium
778 1268 920 1347 tertius
941 1264 993 1346 ad
1014 1268 1206 1365 Pansam;

130 1408 291 1470 octavus
321 1388 373 1470 ad
396 1390 583 1490 Brutum;
603 1420 735 1471 nonus
756 1389 807 1471 ad
834 1394 881 1470 A.
909 1391 1098 1471 Hirtium.
1127 1391 1206 1473 Sed

129 1542 326 1623 nusquam
347 1515 523 1594 occurrit
541 1515 615 1593 has
632 1514 831 1623 Epistulas
848 1512 977 1594 dictas
992 1542 1075 1595 esse
1079 1514 1209 1617 sumi·

130 1639 262 1718 liores.
295 1638 512 1718 Suetonius
541 1636 704 1746 quidem
739 1635 791 1716 de
823 1638 991 1718 Caesaris
1026 1638 1208 1746 epistolis

130 1788 267 1867 agens,
287 1760 432 1841 multas
452 1761 509 1840 ait
532 1758 585 1839 ab
607 1787 656 1839 eo
676 1761 846 1869 scriptas
870 1758 929 1839 ud
945 1762 1203 1858 Familiares,

131 1884 177 1961 de
197 1883 319 1961 rebus
337 1882 578 1976 domesticis;
599 1898 639 1962 et
665 1879 806 1963 Cicero
836 1883 921 1991 ipse
945 1883 990 1960 in
1014 1884 1129 1991 epist.
1154 1883 1207 1963 ad

132 2008 249 2086 Attio.
276 2005 399 2102 Xlll,
432 2005 483 2083 6:
514 2038 535 2079 e
555 2005 754 2114 Epistolas
782 2005 881 2083 mihi
918 2007 1209 2113 pronuntiabat

135 2128 369 2210 «versiculis
390 2128 528 2208 facetis
547 2126 598 2207 ad
621 2129 851 2209 Familiares
868 2129 1007 2209 missas
1021 2158 1044 2208 a
1058 2129 1206 2210 Corin-

135 2253 239 2332 etho
251 2285 287 2330 s.
298 2253 438 2360 Neque
447 2268 580 2331 tamen
596 2251 687 2332 ideo
699 2250 993 2359 conjiciendum
1006 2270 1066 2333 est
1077 2254 1210 2335 sexde-

133 2379 208 2456 cim
222 2374 494 2483 Epistolarum
508 2375 624 2456 libris
638 2377 745 2455 hunc
764 2375 924 2455 titulum
942 2403 1026 2456 esse
1044 2377 1210 2486 affigen-

134 2500 249 2599 dum,
271 2500 333 2579 vel
347 2528 535 2610 umquam
547 2501 597 2580 iis
612 2501 653 2578 in
664 2500 828 2579 Tironis
839 2500 1070 2581 collectione
1082 2504 1208 2610 praeli-

135 2657 229 2705 xum
247 2625 381 2705 fuisse.
398 2624 640 2705 Gebhardus
656 2623 818 2734 quidem
833 2627 894 2704 vir
909 2625 1206 2729 celeberrimus,

134 2779 256 2861 quum
269 2750 390 2858 hujus
404 2750 510 2829 tituli
524 2750 671 2856 origini
688 2748 943 2858 explorandae
957 2753 1130 2829 animum
1146 2772 1207 2831 at-

134 2873 339 2973 tendisset,
348 2874 455 2952 hunc
465 2872 542 2952 sibi
554 2874 596 2950 in
606 2871 717 2952 nullo
726 2873 952 2981 antiquiore
962 2872 1032 2953 MS
1044 2874 1206 2955 obvium

133 3016 314 3094 testatur,
331 3024 450 3105 qoam
465 2996 509 3074 in
524 2996 704 3075 Palatino
720 2994 915 3094 secundo,
931 3023 1049 3103 quem
1064 2998 1209 3079 hester·

134 3152 230 3201 num
253 3122 324 3201 MS
345 3118 543 3228 appellare
565 3147 649 3198 non
671 3118 841 3198 dubitat.
863 3120 912 3197 ln
933 3120 1205 3204 tertioautem

132 3247 313 3324 Palatino
338 3244 396 3322 M.
427 3244 472 3321 T.
501 3243 699 3322 Ciceronis
725 3243 1000 3349 Epistolarum
1015 3245 1207 3345 furniliu-

131 3374 233 3448 n'um
255 3368 354 3445 liber
360 3368 523 3475 primus
541 3367 687 3472 incipit.
711 3367 760 3444 In
777 3366 841 3446 his
861 3364 1020 3445 duobus
1038 3368 1206 3448 multum

132 3497 323 3572 interesse
334 3490 447 3569 facile
458 3490 588 3598 quivis
599 3487 941 3568 animadverterit:
955 3506 1087 3597 potest
1100 3495 1206 3571 enim

133 3615 181 3697 ad
218 3614 571 3694 familiarissimum
604 3613 766 3692 minime
799 3613 1004 3693 familiaris
1040 3616 1206 3723 epistola

133 3739 251 3818 mitti.
273 3739 375 3841 Quae
390 3753 522 3814 autem
542 3735 666 3843 magis
686 3734 917 3836 familiares,
930 3765 1050 3846 quam
1069 3735 1120 3816 ad
1141 3742 1207 3817 At·

135 3865 258 3943 ticum
274 3859 477 3969 epistolae?

187 3989 248 4065 De
266 3984 412 4065 ordine
431 4008 549 4091 quem
571 3985 726 4091 sequuti
746 4010 880 4062 sumus
902 4009 1027 4091 pauca
1047 4009 1208 4092 quoque

140 4109 315 4191 dicenda.
336 4109 387 4190 In
410 4105 601 4215 Epistolis
624 4106 853 4207 Ciceronis,
875 4132 1116 4217 quamquam
1137 4138 1210 4216 per

1058 4258 1093 4303 a.
