2656 5256
422 1127 426 1135 ,
522 1057 569 1142 Ρ.
595 1049 948 1144 MANUTIUS

599 1266 631 1299 D!
648 1265 789 1299 muno
809 1265 874 1300 not

324 1411 370 1464 AD
388 1403 674 1463 mummolenum
691 1413 787 1463 vanu
802 1411 891 1463 tutu
909 1413 1153 1465 uetsaomuu.

205 1541 309 1662 Rex
329 1587 471 1685 AEgypti
488 1585 718 1673 Ptolemaeus,
740 1601 986 1683 cognomento
1003 1588 1169 1678 Auletes,
1194 1593 1289 1689 quia·

204 1704 301 1776 tibiis
315 1720 454 1775 ,canere
476 1715 605 1799 praeter
625 1700 839 1799 dignitatem
866 1704 1001 1800 regiam
1022 1703 1151 1775 solitus'
1170 1721 1281 1795 esset,

205 1833 310 1918 pater
330 1816 529 1903 Ptolemaei,
554 1818 618 1912 qui
639 1819 813 1914 Magnum
833 1809 1224 1915 Pompeium'occidit,
1244 1835 1282 1893 et

132 2035 135 2041 β
204 1936 423 2035 Cleopatrae,
443 1922 649 2005 'notissimae
677 1931 837 2021 feminae,
870 1933 1008 2029 ejectus
1032 1933 1079 2008 ab
1105 1937 1283 2036 AEgyptiis

113 2099 124 2117 .
205 2065 358 2152 propter
373 2045 525 2147 flagitia,
544 2051 775 2146 maximeque
790 2048 840 2120 ob
858 2048 1127 2122 acerbissimam
1145 2050 1283 2126 intole-

115 2210 120 2217 ·
203 2165 375 2239 cubilium
390 2162 612 2236 'tributorum
626 2167 868 2252 exactionem,
881 2168 1033 2236 Romam
1051 2167 1171 2257 venit,
1192 2190 1284 2239 con·

206 2280 364 2354 sulatum
376 2277 587 2377 gerentibus
599 2283 636 2349 P.
651 2277 808 2350 Lentulo
825 2282 917 2370 etQ.
928 2279 1099 2381 Metello:
1115 2285 1285 2378 queritur

208 2396 398 2492 injuriam,
422 2417 490 2492 pro
517 2416 605 2479 sua,
623 2416 691 2490 pro
717 2392 898 2487 majorum
919 2395 1111 2483 societate,
1128 2397 1284 2467 reterri·

209 2523 346 2607 moque
369 2531 411 2579 ac
429 2521 610 2606 perpetuo
629 2529 711 2604 erga
736 2505 918 2604 populum
937 2531 1130 2579 romanum
1144 2508 1286 2598 studio,

209 2625 422 2722 suppliciter
442 2635 537 2711 orat,
554 2635 596 2692 ut
615 2623 852 2692 restituatur:
872 2646 941 2693 nec
960 2622 1130 2719 impetrat
1150 2637 1285 2722 magno

208 2741 377 2837 negotio,
397 2735 455 2809 vel
471 2739 634 2835 Pompeii
652 2740 764 2835 gratia
783 2741 877 2834 regis
895 2761 1039 2809 causam
1059 2737 1285 2833 adjuvantis,

210 2854 319 2950 eique
344 2876 421 2922 non
451 2849 570 2921 solum
596 2853 771 2941 amicitia,
794 2843 1041 2922 Mithridatico
1069 2844 1169 2923 bello
1196 2877 1286 2924 oon·

210 2976 347 3053 tracta,
363 2964 428 3036 sed
454 2967 562 3035 etiam
583 2962 743 3061 hospitio
769 2965 984 3060 conjuncti:
1005 2964 1062 3036 vel
1084 2957 1188 3064 quod
1206 2967 1287 3062 ejus

209 3083 448 3179 regis,quem
458 3090 675 3168 senatus,ac
688 3078 848 3177 populus
857 3104 1030 3150 romanus
1039 3069 1190 3152 biennio
1201 3096 1304 3153 ante:

211 3200 352 3269 socium
373 3196 605 3291 amicumque
625 3195 859 3293 appellasset,
876 3194 1026 3289 injurias
1044 3196 1187 3284 ulcisci,
1208 3210 1289 3268 n‘on

211 3307 322 3382 modo
333 3309 493 3404 justum,
513 3306 576 3378 sed
593 3307 761 3405 exemplo
776 3309 883 3379 etiam
899 3308 989 3379 utile
1004 3313 1289 3408 speciosumque

211 3422 413 3496 videbatur.
429 3419 661 3493 Accedebant
674 3425 819 3492 merita:
834 3446 918 3493 nam
930 3423 1188 3518 (utaVarrone
1198 3429 1288 3497 scri·

211 3553 319 3637 ptum
330 3537 469 3608 Plinius
482 3535 673 3631 memorat)
683 3538 857 3633 Pompeio
870 3539 965 3607 circa
974 3543 992 3607 J
995 3536 1134 3608 udaeam
1146 3532 1288 3610 bellum

211 3656 370 3751 gerenti,
387 3667 471 3724 octo
486 3655 653 3749 equitum
669 3651 780 3722 millia
795 3652 1022 3741 Ptolemaeus,
1045 3653 1149 3725 nullo
1163 3657 1289 3753 reipu-

211 3767 314 3839 blicae
330 3779 492 3864 sumptu,
507 3764 675 3864 praesidio
691 3768 846 3836 miserat.
863 3769 924 3836 His
939 3766 984 3838 de
1002 3771 1118 3839 causis
1136 3767 1179 3838 fit
1192 3772 1228 3840 S.
1245 3772 1287 3841 C.

212 3880 393 3954 referente
410 3880 560 3950 consule
578 3884 614 3950 P.
632 3878 808 3968 Lentul0,
824 3894 866 3950 ut
884 3885 1085 3952 sortiantur
1099 3884 1290 3974 consules,

212 4012 296 4070 uter
316 4020 402 4067 eum
418 3998 456 4065 in
471 4018 625 4092 regnum
640 3992 800 4065 reducat.
817 3998 920 4066 Prior
939 4000 1026 4068 exiit
1045 4022 1123 4068 sors
1139 4001 1289 4071 Lentuli

130 4155 139 4168 ,
213 4110 322 4185 simul
332 4134 416 4181 curn
426 4107 900 4199 administrationeCiliciae3
915 4135 997 4181 nam
1007 4114 1291 4211 Hispania,quae

212 4225 361 4298 Metello
374 4226 507 4322 Nepoti
527 4223 605 4318 ejus
624 4224 769 4320 collega
788 4223 936 4323 obtigit,
953 4226 1061 4324 longe
1080 4227 1292 4326 ab'AEgypto

213 4356 375 4429 remota,
407 4364 492 4412 cum
514 4338 729 4410 reductione
755 4344 850 4438 regis
871 4341 1105 4413 Alexandrini
1134 4344 1294 4439 conjun-

211 4457 331 4554 genda
350 4482 426 4529 non
447 4453 525 4528 fuit.
543 4455 660 4551 Hujus
677 4468 713 4527 et
730 4460 764 4526 S.
779 4460 819 4527 C.
834 4471 871 4528 et
889 4459 996 4530 sortis
1011 4461 1049 4528 in
1067 4462 1235 4532 oratione
1254 4463 1295 4531 in
