2656 5256
213 860 235 940 t
263 922 266 930 ,
541 846 653 928 ur.
681 863 958 934 ciceronis

211 978 365 1077 potest),
376 977 440 1049 scd
448 979 561 1050 exilio
569 979 1043 1079 senatusconsulto¹⁸,qu0d
1057 997 1092 1053 te
1102 979 1284 1053 referente

212 1088 347 1160 laetum
366 1103 438 1176 est,
459 1087 524 1159 tibi
542 1088 725 1179 deceruit,
743 1107 785 1162 ut
801 1116 921 1189 regem
939 1090 1089 1163 reducas
1102 1103 1153 1175 ¹⁹3
1178 1091 1281 1189 quod

211 1198 403 1270 commode
414 1210 448 1259 ²⁹
464 1198 580 1272 lacere
593 1205 729 1300 possis:
750 1217 792 1273 ut
805 1206 1005 1274 exercitum
1019 1203 1145 1300 religio
1160 1205 1282 1292 tollat,

211 1324 248 1407 te
261 1320 484 1381 auctorcm²¹
501 1327 647 1382 senatus
664 1317 826 1383 retineat.
846 1316 993 1384 Crassus
1002 1323 1034 1356 ²²
1053 1328 1125 1384 tres
1142 1314 1280 1411 legatos

210 1419 389 1505 deceruit,
403 1444 471 1489 uec
482 1420 642 1491 excludit
655 1426 870 1520 Pompeium
885 1450 893 1491 :
917 1438 1041 1493 censet
1055 1426 1153 1494 enim
1171 1428 1279 1497 etiarn

211 1555 256 1600 ex
281 1533 342 1613 iis,
357 1532 421 1626 qui
444 1553 528 1599 curn
548 1533 702 1628 imperio
722 1529 847 1603 sint²³.
865 1536 913 1603 M.
928 1530 1078 1603 Bibulus
1088 1534 1120 1582 ²⁴
1139 1547 1213 1604 tres
1232 1534 1281 1605 le·

211 1655 312 1736 gatos
329 1639 491 1709 decernit
503 1665 548 1710 ex
564 1643 624 1728 iis,
641 1645 704 1739 qui
722 1645 851 1739 privati
868 1645 950 1712 sint.
968 1645 1062 1712 Huic
1077 1646 1279 1714 assentiun-

211 1765 270 1819 tur
282 1748 410 1846 reliqui
423 1749 641 1838 consulares,
652 1765 782 1848 practer
795 1750 983 1823 Servilium
993 1746 1040 1838 ²⁵,
1048 1753 1113 1847 qui
1125 1755 1279 1822 omnino

210 1856 335 1928 reduci
342 1900 351 1954 3
365 1873 472 1953 negot
496 1875 685 1955 oportere;
712 1874 749 1930 et
769 1859 974 1931 Volcatium
991 1856 1041 1947 ²⁶,
1062 1863 1147 1957 qui,
1174 1867 1279 1959 Lupo

210 1966 387 2039 referente
401 1979 446 2056 ²⁷,
467 1972 642 2067 Pompeio
667 1968 852 2058 decernit3
880 1983 917 2041 et
940 1966 1185 2057 Afrunium²⁸,
1215 1975 1279 2068 qui

251 2210 290 2259 18.
310 2208 358 2256 Illo
373 2208 589 2256 senatusconsulto.
602 2209 676 2273 Quod
688 2209 723 2256 le·
763 2209 804 2269 jus
816 2210 961 2256 auctoritate
970 2219 995 2256 et
1003 2209 1122 2256 sententis
1134 2207 1231 2272 aliquid
1242 2207 1281 2258 lit.

212 2298 278 2337 Mum
290 2288 365 2335 estin
381 2287 507 2336 Ciceronis
524 2288 680 2345 sententium,
693 2299 722 2336 ut
801 2303 846 2336 απ.
862 2289 971 2336 Crassus.
986 2289 1023 2335 M.
1039 2288 1148 2336 Licinius
1163 2288 1281 2347 Cursus,

210 2368 340 2432 Pompeius
352 2382 456 2413 uunonae
463 2366 659 2431 procurationem
670 2383 722 2414 sus·
766 2383 833 2414 nunc
846 2367 945 2432 quidem
954 2369 981 2414 in
994 2367 1137 2433 Pompeium
1150 2368 1216 2415 ursle
1227 2369 1281 2417 aui·

211 2448 311 2510 ciperet,
324 2458 348 2495 et
360 2449 389 2494 P.
398 2445 531 2506 Lentulus,
542 2448 582 2494 eui
594 2446 722 2511 provincie
766 2457 862 2507 mutus;
874 2448 941 2511 quod
954 2447 1046 2495 indicet
1059 2447 1131 2511 epist.
1142 2448 1169 2505 3,
1179 2446 1226 2494 lib.
1238 2450 1280 2509 11,

211 2527 296 2575 Cilicis
314 2527 465 2585 obvenerat,
483 2541 564 2589 regem
586 2525 718 2573 reduceret.
764 2525 794 2571 sd
807 2528 838 2588 Q.
853 2529 892 2574 Fr.
910 2527 958 2574 Sed
971 2542 1037 2573 anno
1051 2526 1178 2588 sequenti,
1190 2541 1282 2574 consu·

207 2608 325 2655 sunnin.
764 2603 800 2650 les
820 2605 908 2651 iterum
930 2604 1017 2661 creati,
1041 2604 1066 2651 in
1081 2606 1182 2670 gretiam
1200 2605 1281 2653 redie-

248 2701 290 2749 ¹9·
309 2683 430 2732 Deducat.
443 2684 468 2731 J.
479 2685 513 2732 V.
528 2686 557 2730 L.
764 2694 831 2731 runt.
842 2678 966 2731 Plutarch.
981 2685 1053 2730 Mirr.

245 2763 370 2812 so.Multi
377 2762 450 2809 codd.
459 2762 527 2826 quod
534 2762 661 2810 commodo
670 2777 721 2809 rem
800 2764 842 2810 23.
859 2762 922 2809 Sint.
937 2762 1002 2819 Alii,
1014 2772 1076 2809 suut.
1089 2763 1116 2811 J.
1128 2763 1162 2809 V.
1176 2763 1206 2810 L.

201 2844 291 2911 facere
296 2842 384 2908 possis.
394 2840 454 2898 niti,
461 2841 531 2904 quod
541 2857 570 2888 eo
580 2840 721 2899 modonlii,
800 2848 844 2895 ui.
864 2840 973 2889 Bibulus.
992 2841 1029 2889 M.
1040 2840 1187 2904 Calpurnius
1204 2841 1280 2889 Bibu-

208 2942 257 2991 quo
270 2922 359 2980 modo,·
369 2921 424 2984 elii,
433 2931 460 2968 ut
469 2920 567 2969 volebat
577 2920 643 2968 Viet.
655 2920 723 2984 quod
763 2918 816 2977 lus,
831 2919 920 2983 plebeii
933 2921 1038 2983 generis,
1053 2920 1154 2968 Cressris
1163 2920 1189 2966 in
1199 2921 1278 2968 redili-

208 3003 347 3059 oornmode,
366 3002 382 3048 i.
396 3018 419 3049 e.
433 3000 501 3062 quod
517 3000 544 3047 id
561 2999 603 3048 ille
617 3000 721 3046 maxime
764 3007 829 3055 tete,
851 3009 977 3060 praeturu,
1006 2999 1136 3046 consulatu
1164 3000 1280 3064 college,

207 3080 377 3149 propter'loci
394 3080 542 3126 vicinitatem
558 3090 583 3126 et
600 3088 721 3141 opportu-
763 3077 921 3141 ejusdemque
943 3078 1135 3136 inimicissimus,
1155 3074 1282 3145 Pompeio

209 3165 309 3210 nitatem
324 3158 453 3208 commode
467 3166 559 3219 etspte
574 3157 653 3204 lacere
665 3172 720 3220 pos·
763 3157 853 3215 etiem,
875 3156 908 3203 ob
927 3156 1028 3204 Caeseris
1050 3155 1206 3217 affinitatem,
1229 3159 1280 3207 boc

208 3254 252 3290 ret.
269 3243 333 3290 Nam
345 3236 461 3288 Lentulus
472 3236 498 3282 iu
510 3237 539 3282 iis
549 3235 611 3284 locis
623 3247 683 3294 eret,
693 3247 721 3284 ut
763 3245 873 3298 tempore
889 3235 997 3282 intensus
1010 3251 1016 3284 :
1029 3236 1086 3284 ideo
1105 3236 1216 3299 privstos
1236 3239 1281 3286 de·

207 3321 256 3386 ipsi
269 3335 347 3384 prope
365 3318 392 3364 in
408 3327 541 3379 conspectu
550 3317 671 3378 AEgyptus
684 3332 720 3362 es·
763 3314 890 3372 cernebat,
903 3325 932 3362 ut
944 3330 999 3361 eum
1010 3314 1160 3363 excluderet.
1168 3317 1280 3364 Mur.—

209 3412 255 3449 set.
270 3401 345 3446 Vror.
356 3424 392 3433 —
404 3397 492 3444 Censet
511 3396 638 3442 Manutius
657 3410 720 3441 com·
763 3392 861 3441 Absuut
870 3391 943 3440 verba
956 3396 991 3440 Μ.
1003 3393 1186 3440 n'bulus...sine
1194 3393 1228 3441 sb
1237 3393 1280 3441 eli·

209 3478 282 3526 modo
304 3475 448 3525 sdverbium
466 3489 532 3530 esse,
553 3484 578 3521 et
597 3473 657 3535 poni
673 3489 720 3535 pro
763 3483 824 3535 quot
831 3472 908 3530 libris,
918 3470 950 3519 ob
961 3471 1144 3519 similitudinem
1153 3471 1279 3523 uiuente.

209 3556 343 3605 commode.
354 3553 430 3617 Quod
441 3553 499 3600 sutis
511 3551 660 3615 redarguunt
671 3551 720 3598 illae
762 3553 789 3600 J.
798 3553 830 3599 V.
841 3551 869 3596 L.

209 3636 360 3691 locutiones,
378 3648 438 3696 ques
451 3634 503 3695 ipse
517 3631 607 3695 aliique
623 3648 637 3678 e
650 3629 719 3678 Cice·
798 3630 841 3677 25.
859 3628 990 3677 Servilium.
1006 3631 1034 3676 P.
1045 3629 1277 3686 ServiliumVatisru

208 3710 269 3763 rous
284 3712 404 3760 slleruut:
421 3708 512 3773 «quod
530 3721 574 3757 tuo
588 3708 719 3756 commodo
763 3710 912 3765 Isauricum,
937 3709 981 3771 qui
1005 3725 1061 3755 cum
1080 3709 1164 3772 Appio
1185 3709 1278 3758 Clodio

208 3793 262 3840 lieri
269 3789 361 3856 possit,
372 3788 440 3851 quod
454 3803 468 3834 e
481 3799 524 3835 tuo
538 3787 669 3835 commodo
686 3788 720 3834 l'a·
762 3788 868 3837 Pulchro
881 3788 967 3835 consul
982 3789 1043 3846 suit,
1056 3789 1088 3834 Α.
1102 3788 1134 3835 U.
1152 3789 1214 3849 654.
1227 3792 1275 3839 Eu.

207 3888 262 3920 cere
274 3868 395 3934 poteris».
410 3869 455 3914 llae
468 3878 525 3915 sunt
537 3868 638 3930 integre
650 3868 719 3915 locu·
798 3869 842 3915 26.
862 3867 1009 3914 Volcatium.
1029 3869 1056 3913 L.
1067 3867 1207 3914 Volcatium
1220 3868 1278 3916 Tul·

208 3954 300 4011 tiones,
312 3962 358 4012 pro
367 3947 456 4011 quibus
466 3947 566 3993 concise
579 3956 603 3993 et
614 3945 720 3994 breviter
762 3947 813 3994 lum
822 3947 881 4010 ,qui
894 3963 949 3993 oum
959 3946 995 3992 M.
1009 3945 1107 3992 AEmilio
1116 3945 1211 4009 Lepido
1220 3962 1278 3995 con·

208 4032 286 4092 digit,
300 4051 312 4071 a
322 4027 391 4091 quod
411 4024 543 4074 commodo
565 4026 643 4072 fecere
661 4042 718 4090 pos-
763 4026 801 4073 sul
812 4026 871 4083 luit,
883 4028 915 4073 A.
927 4028 960 4073 U.
973 4026 1033 4085 687.
1048 4027 1094 4072 Eu.

208 4114 271 4161 μὴ..
283 4110 383 4156 Terent.
397 4121 457 4153 vero
473 4105 501 4150 in
513 4103 621 4167 Adelph.
632 4116 681 4153 act.
694 4108 718 4162 1,
799 4121 843 4166 up.
864 4107 931 4168 Lupo
947 4104 1071 4166 referente.
1084 4105 1111 4152 P.
1123 4103 1218 4152 Rutilio
1228 4106 1278 4152 Lu·

208 4207 273 4240 scen.
294 4200 327 4234 s:
350 4187 440 4233 «Duru
463 4183 509 4232 erit
531 4182 688 4231 commodum
697 4206 718 4232 ι.
762 4182 1061 4248 po‚quifnittribuuus
1078 4180 1172 4246 plebis,
1190 4184 1277 4246 etqui

208 4275 295 4319 Gur.
309 4264 411 4313 -Nos
429 4278 489 4310 vero
506 4261 636 4311 lectionem
649 4273 719 4311 vetu-
764 4264 843 4326 primo
860 4262 917 4309 belli
937 4262 1016 4309 civilis
1034 4277 1115 4322 nuno,
1130 4260 1276 4310 Achaim

208 4348 335 4397 stissimsru
346 4358 477 4393 sensurus.
488 4344 535 4391 Eo.
763 4343 880 4405 Pompeio
895 4352 985 4404 praetor
997 4341 1113 4390 obtinuit.
1122 4342 1168 4389 En.

243 4443 285 4477 αι.
308 4429 448 4475 Auctorem.
470 4423 503 4470 Ut
524 4420 630 4470 restituti
656 4421 718 4485 repis
798 4423 841 4468 28.
859 4420 1001 4484 Afranium.
1021 4424 1048 4468 L.
1066 4419 1210 4479 Afranium,
1233 4423 1278 4485 qui

206 4506 320 4553 honoret
334 4503 410 4568 glorie
422 4517 496 4567 penes
507 4512 530 4550 te
539 4501 584 4561 sit;
593 4499 717 4564 quodjsm
762 4516 817 4548 cum
828 4502 861 4563 Q.
871 4499 971 4549 Caecilio
977 4499 1078 4549 Metello
1089 4500 1173 4549 Celere
1186 4500 1276 4548 consul
1291 4530 1297 4547 .

207 4596 303 4633 senatus
316 4584 464 4633 decreverat.
475 4585 570 4630 Auctor
582 4583 603 4630 is
613 4592 657 4642 est,
671 4598 715 4629 eu·
762 4580 817 4629 luit.
830 4580 914 4627 Coun.
