2678 4800
210 299 256 381 ιι
532 297 581 362 Μ.
607 297 645 361 r.
672 295 949 366 ciceronis

206 413 448 485 inflammatus
465 408 585 500 fuisti,
609 416 710 484 omni
725 438 811 484 cura
826 429 935 511 atque
954 412 1131 486 industria
1148 438 1273 487 conse-

207 550 340 623 quare;
355 523 717 621 magnitudinemque
736 526 847 593 animi
865 527 937 611 tui,
961 548 1072 621 qnam
1094 549 1162 622 ego
1182 547 1274 596 sem·

205 662 273 735 per
287 661 368 706 sum
390 634 605 720 admiratus,
626 658 841 731 semperque
856 635 996 720 amavi,
1023 659 1069 705 ne
1096 658 1274 731 umquam

207 744 368 815 inflectas
389 744 603 841 cujusquam
617 744 761 839 injuria.
776 748 905 841 Magna
919 758 973 813 est
988 742 1180 815 hominum
1197 746 1277 841 opi-

209 859 271 926 nio
288 854 333 925 de
350 869 407 942 te,
421 877 551 949 magna
567 851 835 923 commendatio
851 851 1072 923 liberalitatis
1082 849 1128 941 ³²,
1143 877 1275 948 magna

206 968 382 1042 memoria
403 964 611 1034 consulatus
634 965 698 1033 tui.
722 967 804 1034 Haec
819 961 984 1060 prolecto
1008 962 1109 1033 vides
1135 977 1276 1059 quanto

208 1078 447 1173 expressiora,
465 1088 677 1171 quantoque
694 1073 886 1143 illustriora
904 1071 1027 1143 lutura
1042 1076 1132 1159 sint,
1157 1098 1276 1170 quum

207 1184 434 1281 aliquantum
451 1208 495 1253 ex
506 1185 693 1280 provincia
703 1196 813 1279 atque
827 1208 872 1252 ex
883 1185 1036 1280 imperio
1045 1179 1077 1226 ³³
1092 1181 1209 1253 laudis
1220 1207 1278 1253 ac·

210 1296 366 1365 cesserit.
381 1295 611 1390 Quamquam
626 1307 661 1364 te
677 1296 726 1363 ita
743 1317 866 1388 gerere
882 1294 982 1381 volo,
997 1319 1079 1391 quae
1091 1318 1157 1391 per
1173 1319 1278 1365 exer·

210 1406 323 1475 citum
347 1416 457 1500 atque
477 1406 671 1501 imperium
693 1402 850 1499 gerenda
870 1418 973 1490 sunt,
993 1419 1035 1475 ut
1061 1403 1138 1474 haec
1160 1403 1279 1473 multo

210 1528 294 1585 ante
316 1513 509 1600 meditere,
524 1512 598 1584 huc
615 1528 650 1585 te
666 1537 790 1611 pares,
815 1512 891 1583 haec
907 1517 1063 1610 cogites,
1087 1512 1133 1585 ad
1149 1512 1226 1583 haec
1242 1528 1279 1584 te

211 1645 393 1710 exerceas3
417 1626 623 1719 sentiasque
640 1622 697 1711 id,
724 1622 826 1720 quod
844 1627 931 1719 quia
948 1648 1092 1722 semper
1106 1624 1281 1721 sperasti,

211 1734 287 1805 noir
304 1732 433 1803 dubito
449 1736 539 1829 quin
557 1731 710 1830 adeptus
724 1733 917 1829 intelligas,
940 1748 975 1804 te
989 1730 1155 1803 facillime
1171 1756 1280 1830 posse

116 1932 121 1943 ι
212 1841 378 1913 obtinere
394 1866 579 1912 summum
594 1856 703 1938 atque
719 1842 932 1911 altissimum
949 1842 1100 1938 gradum
1114 1845 1281 1913 civitatis.

212 1954 303 2043 Quae
320 1950 469 2048 quidem
486 1974 565 2022 mea
585 1949 787 2021 cohortatio
809 1976 856 2021 ne
874 1951 937 2021 tilii
961 1956 1094 2042 inanis,
1118 1967 1182 2022 aut
1201 1955 1281 2022 siue

212 2084 320 2143 causa
335 2074 502 2158 suscepta
516 2058 693 2148 rideatur,
710 2060 770 2131 illa
786 2086 844 2130 me
860 2064 950 2132 ratio
966 2066 1098 2149 movit,
1127 2076 1167 2132 ut
1184 2076 1219 2132 te
1236 2087 1283 2131 ex

152 2260 158 2271 ¹
213 2173 347 2243 nostris
363 2174 502 2241 eventis
525 2170 782 2241 communibus
799 2169 1072 2242 admouendum
1093 2186 1283 2269 putarem,

214 2296 257 2353 ut
270 2279 533 2368 considerares,
546 2282 583 2349 in
597 2281 697 2350 omni
710 2280 848 2378 reliqua
860 2284 944 2368 vita,
957 2280 1093 2379 quibus
1104 2279 1283 2368 crederes,

214 2415 308 2489 quos
326 2414 478 2460 caveres.

264 2499 374 2591 Quod
388 2495 553 2570 scribis³⁴
571 2515 606 2570 te
623 2500 713 2571 velle
730 2503 839 2588 scire,
855 2505 918 2598 qui
933 2505 979 2572 sit
992 2501 1199 2599 reipublicae
1213 2516 1286 2570 sta·

217 2625 297 2682 tus:
315 2633 454 2680 summa
470 2607 645 2679 dissensio
664 2624 734 2698 est,
750 2611 813 2682 sed
829 2617 1014 2683 contentio
1037 2611 1168 2709 dispar.
1189 2614 1283 2683 Nam

218 2720 283 2816 qui
299 2717 382 2816 plus
398 2716 551 2815 opibus,
575 2721 700 2807 armis,
721 2724 884 2816 potentia
900 2719 1073 2809 vatent³⁵‚
1087 2719 1285 2820 proiecisse

219 2843 361 2900 tantum
383 2827 472 2898 mihi
493 2827 664 2899 videntur
687 2828 878 2901 stultitia³⁶
898 2846 934 2901 et
954 2833 1196 2902 inconstantia
1218 2829 1284 2900 ad·

256 3010 298 3058 32.
318 3006 488 3057 Lt'beralitatis.
507 3006 581 3070 Quod
600 3006 681 3055 officis
699 3007 728 3054 li·
772 3010 861 3073 «quod
873 3009 990 3059 scribisn.
1000 3011 1069 3058 Nihil
1084 3009 1235 3073 frequentius
1245 3010 1288 3058 ct-

222 3091 308 3137 benter
320 3089 348 3137 in
361 3104 445 3136 omnes
458 3088 585 3137 conseras:
598 3101 626 3135 ut
639 3102 729 3152 supra:
775 3089 869 3145 octoni,
881 3089 962 3152 inquit
975 3091 1028 3138 Jae.
1041 3089 1181 3139 Perizonius
1189 3089 1215 3135 in
1226 3091 1289 3137 San-

228 3169 301 3216 ·Tut
318 3168 443 3232 prestanti
462 3168 489 3214 in
513 3183 569 3214 enm
587 3165 731 3214 liberalitate
775 3167 819 3213 otii
840 3168 946 3215 Minerv.
967 3170 1010 3227 tv,
1034 3167 1059 3226 5,
1077 3184 1150 3230 quam
1170 3166 1289 3230 progredi

224 3247 397 3295 devinctnma.
416 3245 463 3295 Vel
479 3246 511 3293 sd
531 3245 671 3293 editttuem
692 3262 732 3292 re·
776 3244 947 3307 respondendo
966 3262 1010 3309 per
1029 3247 1141 3293 reculam
1159 3246 1234 3306 Quod
1254 3245 1289 3293 sd

223 3326 318 3391 spexit,
338 3326 364 3373 in
378 3340 425 3389 qne
438 3324 555 3373 Lentulus
570 3340 686 3371 summam
700 3323 731 3370 li·
777 3322 874 3371 alteram
898 3335 991 3387 partem
1013 3324 1123 3388 epistola
1142 3324 1227 3386 illius,
1246 3326 1289 3371 cni

223 3405 373 3453 beralitatetn
391 3404 547 3452 ostenderat:
561 3419 634 3466 qoem
646 3402 733 3450 Cicero
776 3403 916 3467 respondet.
930 3406 1003 3452 Omv.

224 3485 295 3533 effert
307 3483 420 3532 laudibus
431 3480 574 3532 tiuloffie.
588 3484 663 3530 Μιιι.
812 3483 856 3530 35.
877 3483 925 3545 Qui
940 3485 997 3547 plus
1013 3484 1111 3548 opibtts,
1134 3483 1224 3538 armo,
1242 3500 1291 3548 po-

259 3564 303 3611 33.
321 3565 363 3610 Ex
377 3563 487 3627 imperio.
507 3566 562 3611 Hoc
578 3561 661 3624 addit,
676 3561 733 3624 qnia
777 3561 853 3608 tentia
862 3562 955 3609 valent.
970 3562 1106 3624 Caesar,qui
1119 3561 1222 3609 Galliam
1231 3579 1292 3611 cum

224 3643 306 3691 multis
315 3640 535 3705 imperium,und
547 3640 585 3688 vel
600 3639 731 3703 sugendo,
777 3639 884 3687 exercitu
902 3640 1098 3699 administrabat,
1116 3640 1248 3704 Pompeius
1264 3653 1293 3689 et

223 3721 264 3769 vel
275 3720 372 3769 tuendre
384 3719 486 3784 reipubl.
493 3736 563 3767 eausa
577 3719 692 3777 dabatur,
709 3729 734 3766 et
778 3720 892 3778 Crassus,
905 3736 960 3767 cnm
978 3721 1071 3767 Caesam
1086 3720 1231 3779 sentientes,
1246 3721 1294 3783 qui

225 3802 299 3864 ipsis,
318 3812 343 3848 et
352 3800 447 3864 reipub.
457 3799 586 3855 dedecori,
597 3798 734 3862 damnoque
778 3798 929 3846 consulatum
940 3799 1062 3861 gerebant.
1072 3799 1146 3846 ΜΑιι.

226 3881 365 3928 suitilan.
815 3880 859 3926 36.
878 3878 995 3927 Stultitia.
1020 3878 1093 3926 Stulti
1118 3876 1198 3935 enim,
1215 3877 1260 3940 qui
1280 3894 1294 3925 s

261 3961 303 4014 34.
318 3957 392 4020 Quod
408 3957 501 4006 scribis.
521 3957 567 4005 llic
582 3958 674 4021 ellipsis
691 3971 735 4006 est.
780 3969 864 4005 senatu
877 3969 899 4005 et
912 3957 1022 4004 ordinem
1036 3966 1179 4019 equestrem,
1187 3967 1212 4003 et
1220 3957 1295 4003 Pom·

226 4038 350 4101 lntegrutn
359 4038 436 4086 foret:
446 4048 473 4084 ut
483 4037 641 4102 respondeam
655 4037 687 4085 sd
696 4037 736 4099 id,
780 4037 862 4101 peinm
871 4037 1070 4085 abalienaverint.
1083 4036 1160 4100 Epist.
1171 4037 1198 4084 8.
1215 4036 1294 4085 Mart.
