2656 5256
218 844 264 914 26
538 851 586 916 M.
614 851 651 916 T.
679 849 958 918 CICERONIS

217 967 314 1036 nulla
330 970 427 1036 enim
439 970 508 1038 erit
523 967 591 1038 hac
607 973 833 1065 praestantior
846 966 1045 1063 disciplina.
1059 969 1178 1055 Quem
1196 990 1282 1051 1105,

217 1091 255 1146 et
270 1081 356 1173 quia
373 1092 475 1158 tuus,
491 1092 527 1147 et
543 1081 627 1175 qnia
646 1094 679 1149 te
701 1079 835 1177 diguus
851 1093 904 1149 est
920 1075 1034 1156 filius,
1052 1090 1089 1145 et
1107 1079 1192 1171 quia
1216 1100 1283 1145 nos

218 1184 353 1281 diligit,
378 1212 593 1284 semperque
622 1187 769 1271 dilexit,
795 1192 831 1258 in
861 1190 987 1285 primis
1014 1210 1198 1273 amamus,
1225 1210 1282 1256 ca·

221 1322 377 1393 rumque
397 1295 584 1369 habemns.

218 1467 322 1515 'l'nlliam
340 1479 396 1532 post
414 1469 518 1517 reditum
532 1471 563 1517 ab
580 1472 665 1519 exsilio
677 1475 727 1539 pri·
771 1471 851 1518 'l'nllia
868 1472 953 1534 nupsit
967 1472 995 1517 P.
1009 1471 1084 1519 Corn.
1101 1467 1283 1525 Dolabellae,a

219 1546 259 1594 die
279 1563 355 1594 nonas
373 1550 457 1612 aprilio
473 1549 615 1612 despondit,
630 1563 727 1600 mortuo
771 1567 822 1614 qno
854 1551 963 1597 divortio
990 1540 1131 1596 voluntario
1162 1545 1286 1599 discessit,

216 1626 282 1685 jam,
306 1638 333 1675 ut
359 1622 385 1673 iu
408 1629 534 1690 Quantum
561 1631 728 1691 ostendimus,
772 1628 977 1693 quernadmodum
989 1639 1038 1676 eta
1051 1628 1124 1675 Furio
1132 1624 1287 1689 Crassipede,

218 1708 247 1753 C.
264 1708 361 1755 Pisone.
378 1708 459 1757 Cone.
475 1710 632 1758 —Tertium
648 1722 729 1758 eutem
773 1721 801 1758 ut
815 1709 919 1756 ridetur.
933 1708 980 1754 En.

219 1918 1277 1945 ΜΜΜΜΜΜΜΜΜΜΜΜΜΜΜΜἈὶΜἈἏΜΜΜ

512 2099 817 2180 EPISTOLA
852 2097 982 2175 VIII.

222 2271 264 2327 De
284 2282 359 2327 statu
379 2291 477 2329 rerum
496 2271 614 2350 publico
632 2275 835 2351 conqueritur:
852 2272 1008 2333 Lentulum
1029 2270 1141 2327 solatur
1159 2290 1213 2347 spe
1227 2271 1293 2328 eai-

260 2382 316 2439 gna
333 2383 426 2422 causae
443 2366 544 2443 regiae,
563 2378 613 2423 aut
624 2366 836 2445 propemodum
850 2366 1009 2423 exstincta:
1033 2362 1188 2419 certiorem
1208 2382 1293 2440 spent

260 2456 503 2533 supplicationum
514 2459 591 2530 lacit,
603 2472 635 2515 ut
644 2458 774 2517 dolorem
784 2457 899 2525 Lentuli
908 2457 1003 2513 leniat.
1016 2456 1114 2531 (Anno
1125 2458 1159 2511 U.
1168 2458 1202 2511 C.
1211 2455 1294 2529 698.)

384 2646 429 2708 Μ.
446 2648 482 2709 Τ.
502 2648 538 2711 C.
556 2648 592 2711 P.
609 2646 810 2712 LENTULO
834 2644 1010 2709 PltOCOS.
1031 2643 1062 2707 S.
1082 2644 1121 2705 D.

272 2800 1295 2903 Dromnibnsrebus,quaeadtepertinent,qnidaetum,

223 2910 313 3007 quid
350 2918 587 2985 constitutum
620 2920 686 2999 sit,
716 2914 804 3011 quid
840 2916 1032 3009 Pompeius
1069 2913 1293 3006 susceperit,

223 3028 360 3122 optimc.
374 3052 418 3097 ex
431 3032 479 3099 M.
497 3029 680 3098 Plaetorio¹
698 3053 914 3124 cognosces:
930 3030 993 3123 qui
1013 3050 1087 3094 uon
1102 3024 1223 3094 solnm
1238 3026 1294 3093 iu·

224 3133 348 3205 tersuit
376 3136 432 3207 lris
462 3137 588 3220 rebus,
609 3139 672 3210 sed
698 3142 804 3208 etiam
833 3134 991 3236 prafnit;
1021 3160 1141 3230 neque
1171 3134 1292 3203 ullum

224 3241 385 3315 officium
400 3272 484 3343 erga
499 3264 532 3318 te
550 3249 709 3319 ltominis
724 3250 980 3330 amantissimi,
996 3244 1293 3343 prudentissimi,

224 3353 487 3450 diligentissimi
501 3362 737 3456 praetermisit.
750 3364 800 3427 Ex
818 3356 944 3428 codem
965 3356 1010 3427 de
1026 3370 1103 3426 toto
1121 3369 1219 3424 statu
1237 3379 1295 3423 re·

225 3489 306 3535 rum
321 3472 570 3539 conmumium
588 3469 797 3565 cognosces:
810 3494 891 3566 qum
908 3467 1032 3564 quales
1049 3470 1133 3549 siut,
1145 3489 1222 3534 non
1238 3462 1293 3533 fa-

226 3575 292 3645 cile
309 3593 362 3646 est
376 3578 542 3650 scribere.
557 3584 647 3651 Sunt
661 3578 809 3676 quidem
823 3593 918 3648 certe
933 3581 968 3646 in
982 3579 1207 3645 amicorun1²
1223 3598 1294 3643 no·

225 3698 383 3756 strortuu
407 3704 601 3785 potestate,
616 3704 725 3786 atquc
749 3692 812 3773 ita,
836 3703 876 3757 ut
894 3686 1029 3757 unllam
1051 3686 1294 3755 mutationem

228 3820 402 3892 nmquam
420 3798 487 3869 hac
501 3800 691 3870 hominnm
705 3814 805 3869 atate
822 3797 989 3868 habitura
1005 3822 1060 3866 res
1075 3820 1151 3865 esse
1167 3793 1293 3864 videa-

169 3934 172 3938 *
227 3918 297 3974 tur.
321 3912 397 4003 Ego
422 3908 589 4004 quidem,
608 3924 647 3979 ut
663 3908 799 3996 debeo,
819 3923 854 3978 et
879 3922 918 3977 ut
943 3922 1018 3977 tute
1043 3903 1129 3975 milti
1156 3928 1295 4000 praece·

269 4127 292 4158 ι.
309 4108 387 4165 MSS,
405 4129 417 4149 u
426 4107 590 4171 Emplatorio,
606 4107 735 4170 Exeplato·
780 4109 804 4153 in
817 4107 862 4153 hae
872 4104 1041 4154 ernendatioue
1051 4101 1199 4151 recentiores
1209 4119 1298 4152 omncs

226 4192 278 4248 rio,
288 4187 442 4253 Expleton'o,
455 4198 500 4234 ete.
509 4186 626 4233 a-vtno
636 4185 735 4249 quidem
779 4195 938 4233 assenserunt.
948 4186 994 4231 Eu.

227 4269 331 4328 librarii,
344 4266 498 4315 nullucenitu
508 4264 700 4330 Exemplatorius
710 4264 736 4310 in
816 4280 843 4311 α.
856 4265 1005 4312 Amicorum.
1018 4261 1128 4324 Pompeii
1141 4271 1164 4307 et
1177 4262 1296 4309 Canus:

228 4349 328 4396 historia
341 4363 453 4394 romana:
468 4348 498 4394 de
511 4348 548 4393 M.
559 4346 674 4393 Plaetorio
687 4346 736 4407 agi·
781 4343 846 4390 addo
857 4343 929 4389 etiam
941 4344 1067 4396 Crassum
1077 4356 1133 4386 cum
1145 4355 1213 4403 quo,
1224 4356 1297 4403 roga-

229 4428 308 4476 turin
322 4439 385 4476 orat.
394 4442 441 4492 pro
451 4425 547 4474 Cluent.
554 4424 672 4471 Videmus
682 4440 737 4471 eum
782 4434 821 4471 tm
842 4440 855 4469 a
874 4422 990 4485 Pompeio
1010 4431 1033 4467 et
1054 4421 1158 4477 Caesare,
1173 4436 1189 4467 a
1203 4420 1297 4467 Publio

227 4507 302 4555 luisse
321 4506 416 4556 Fonteii
434 4516 607 4553 accusatorem.
625 4503 738 4552 Manutio
782 4512 911 4565 praeterea,
925 4501 1000 4565 ipsius
1010 4498 1089 4546 Crassi
1102 4498 1170 4560 lilio,
1188 4498 1296 4547 redient
