2678 4800
403 383 678 467 nulsione,
700 387 736 466 ι,
758 410 790 451 2.
1112 406 1130 476 7

60 503 121 569 cui
134 502 186 569 rei
198 500 272 595 jam
285 497 412 570 obsisti
428 526 504 571 non
520 501 698 600 poterat³,
715 504 846 576 Bibulo
856 529 1043 577 assensum
1058 521 1131 577 est:

59 607 108 680 de
139 607 257 680 tribus
283 609 425 705 legatis,
450 610 659 709 frequentes
688 618 810 686 ierunt
832 618 870 685 in
890 616 980 687 allai
997 619 1131 687 omnin.
1168 701 1173 713 .

60 722 231 791 Proxima
242 733 320 789 erat
334 723 516 790 Hortensii
536 726 731 810 sententia,
750 748 865 820 quum
890 729 1015 821 Lupus
1029 718 1055 811 ⁵,
1074 725 1136 792 tri·

60 828 187 900 bunus
202 827 339 927 plebis,
351 827 452 926 quod
466 834 542 928 ipse
557 831 603 903 de
614 836 788 930 Pompeio
806 832 1003 919 retulisset,
1017 836 1135 902 inten-

61 937 176 1011 dere⁶
194 942 328 1040 coepit,
341 955 425 1012 ante
446 966 484 1012 se
504 957 673 1039 oportere
698 942 982 1013 discessionem⁷
1000 939 1133 1026 lacere,

62 1178 122 1227 dum
133 1178 267 1228 censebat:
281 1178 349 1242 quod
363 1178 384 1227 si
398 1188 459 1227 esset
471 1179 577 1237 suctum,
620 1178 687 1243 pleb.
698 1180 738 1241 jus
752 1179 862 1226 vindicet
873 1188 930 1226 unte
939 1170 1134 1241 consules,quod

60 1270 195 1322 utrumque
211 1258 283 1307 simul
296 1258 377 1321 rejici,
395 1269 576 1321 entutrnmque
621 1258 752 1306 absurdum
777 1257 851 1305 verbe
877 1267 981 1315 sonunt;
1006 1258 1048 1305 sed
1074 1261 1132 1321 quis

60 1337 134 1384 simul
145 1324 243 1400 probari
253 1353 350 1384 necesse
359 1347 417 1384 erat.
428 1339 508 1399 Quam
517 1352 576 1384 cou-
621 1353 692 1401 qunm
711 1337 823 1385 consules
843 1328 938 1383 tertium
955 1337 1062 1384 fecerunt
1080 1353 1135 1384 sen·

60 1415 216 1464 suetudinem
226 1418 321 1480 egregie
329 1415 449 1464 Pedianus
457 1417 576 1479 expressit
620 1419 718 1464 tentiam
735 1416 808 1479 (sutis
827 1416 982 1463 ostendentes
996 1432 1027 1464 eo
1044 1433 1071 1463 se
1083 1432 1135 1464 nou

60 1495 100 1543 his
114 1495 197 1551 verbis
208 1510 216 1544 ε
228 1497 328 1558 uQuum
339 1495 426 1558 uliquis
437 1496 463 1542 iu
473 1493 576 1542 dicendn
621 1494 691 1543 vslde
703 1495 832 1553 inclinare,
854 1504 877 1542 et
891 1507 1016 1557 sperantes
1030 1512 1061 1542 ex
1074 1494 1135 1542 dun·

58 1575 183 1622 senteutis
203 1573 262 1622 dues
279 1575 392 1639 pluresve
411 1591 449 1621 res
466 1573 572 1638 comple·
619 1574 667 1621 bus
683 1574 807 1637 prioribus
825 1574 913 1637 utique
934 1573 1033 1622 alterum
1054 1575 1136 1622 rictu·

59 1653 152 1711 ruitur,
166 1670 202 1702 οε
222 1656 244 1702 si
262 1670 417 1703 nontomues
432 1656 576 1720 probantur,
621 1669 684 1710 rum,
698 1654 729 1699 ite
740 1664 767 1699 ut
779 1652 809 1700 ed
825 1653 918 1700 tertium
929 1669 982 1701 uon
995 1653 1133 1717 pervenire·

58 1733 204 1799 postuletur
221 1746 250 1782 ut
268 1734 410 1795 dividetur,
431 1735 457 1782 id
475 1745 526 1794 est,
547 1735 577 1783 de
622 1730 676 1794 tur)
689 1732 745 1794 quie
758 1732 839 1794 igitur,
856 1748 929 1794 quem
943 1732 977 1780 illi
991 1734 1086 1782 tertium
1099 1734 1133 1781 le·

58 1813 138 1861 rebus
148 1813 250 1878 singulis
263 1815 405 1863 retentura.
413 1815 578 1864 Mum-Nee
621 1821 703 1857 cerunt
716 1812 876 1870 sententium,
889 1811 973 1859 eudem
987 1822 1037 1859 eret
1049 1813 1133 1860 relatio

60 1892 207 1940 oonsulibus
219 1893 376 1952 tantum,sed
392 1893 496 1941 senatori
511 1893 577 1941 cnssi·
621 1889 713 1936 tribuni
733 1888 811 1954 plebis
828 1891 906 1953 Lupi,
920 1890 961 1938 bic
979 1891 1133 1939 contendisse

63 1970 108 2018 bet
120 1971 162 2034 jus
175 1982 226 2019 erut
238 1970 303 2020 bunc
315 1972 458 2020 divisionem
467 1987 576 2035 poscere,
622 1969 729 2027 videtur,
745 1969 861 2031 quonism
874 1970 904 2017 de
918 1971 996 2034 prims
1012 1971 1130 2020 sententie

60 2053 121 2098 Hoc
131 2051 186 2110 jure
195 2061 274 2097 sutem
285 2067 348 2114 sepe
359 2050 576 2114 abutebantur-,qui
620 2050 778 2095 concessisset
791 2050 844 2112 ipse
858 2048 1011 2107 consulibus,
1025 2060 1049 2096 et
1060 2066 1087 2097 en
1100 2050 1131 2097 ir·

61 2130 281 2177 seustuscousultis
292 2146 384 2176 morum
398 2131 485 2177 aliene
496 2133 577 2193 cupie-
620 2127 665 2174 rite
677 2138 755 2185 esset,
765 2144 832 2175 uunc
845 2141 960 2192 oportere
972 2146 998 2176 se
1008 2130 1132 2179 discessio-

59 2207 132 2255 bsut.
146 2209 183 2256 De
198 2208 236 2256 bis
248 2209 360 2256 ridentur
374 2214 464 2261 Festus.
477 2211 523 2258 En.
620 2223 675 2252 nem
696 2208 788 2268 fucere,
808 2207 833 2256 e't
855 2210 966 2272 preponi
987 2209 1130 2258 relationem
1235 2256 1238 2262 ,

98 2289 125 2336 3.
146 2287 192 2334 Cui
212 2288 249 2334 rei
269 2288 324 2352 jam
345 2289 430 2336 obsisti
448 2300 576 2353 nonpote-
620 2286 726 2341 tribuni,
743 2287 785 2350 qui
800 2297 862 2334 esset
875 2289 1028 2351 magistratus
1042 2289 1129 2352 populi
1186 2342 1189 2352 Ι

59 2377 112 2416 nt.
126 2366 455 2431 Setisimplicutssententiu
470 2368 575 2420 videtin,
619 2367 714 2412 romuni
737 2382 744 2415 τ
774 2367 893 2415 sententis
914 2369 1038 2416 Hortensii
1068 2368 1131 2415 nihil

60 2446 122 2504 sed,
144 2457 171 2493 ur
195 2445 315 2504 arbitror,
339 2446 503 2510 explicabitur
525 2445 574 2494 hoc
618 2443 686 2491 uliud
717 2455 782 2504 tun,
805 2462 880 2509 quern
911 2447 1046 2495 consularis
1074 2448 1128 2496 viri.

61 2524 148 2573 nodo.
163 2525 290 2587 Quatenus
309 2525 340 2572 de
356 2525 473 2589 religione
489 2526 574 2589 loque·
618 2525 642 2572 J.
654 2525 679 2572 tt.
692 2523 775 2584 Geor,

61 2603 279 2668 butur,etiuquo
290 2605 341 2665 jeus
350 2605 435 2652 obsisti
444 2622 495 2652 non
507 2615 576 2669 pots·
655 2605 680 2651 6.
703 2605 840 2655 Intendere.
873 2607 913 2655 Sic
940 2607 1035 2668 entiqui
1061 2606 1133 2666 libri,

62 2695 111 2741 ret,
126 2682 216 2731 Bibulo
228 2699 351 2731 euenmm
364 2696 408 2733 est.
423 2684 516 2732 Obsisti
532 2701 576 2733 eu·
618 2698 680 2745 quos
699 2684 813 2744 viderim,
836 2702 935 2742 omnes;
953 2701 1020 2742 nou,
1036 2697 1136 2733 conten·

61 2762 242 2811 tnideonou
252 2764 574 2827 poteret‚quislsutumjnm
618 2761 684 2810 dere.
702 2760 776 2813 Mun.
796 2791 832 2801 -
853 2765 962 2813 Omnino
986 2764 1131 2811 contendere

62 2853 113 2890 eret
126 2844 151 2890 8.
163 2843 192 2892 C.
206 2858 286 2907 regem
299 2860 354 2890 cum
368 2843 524 2892 multitudine
538 2859 573 2890 re·
617 2841 712 2901 melini,
726 2860 799 2906 quem
811 2844 970 2900 intercedere,
985 2854 1058 2906 utque
1067 2842 1130 2891 udeo

24 2980 29 2991 ⁴
62 2921 308 2986 duci,periculosum
319 2923 555 2988 reip.rideri.Msn.
618 2937 689 2984 quam
703 2921 835 2972 intendere.
847 2927 929 2971 Lern.

98 3008 125 3056 4.
141 3002 229 3049 lerum
248 3001 274 3049 r'n
293 3001 346 3049 aliu
368 3001 459 3050 omnia.
485 3006 526 3050 Ire
548 3001 574 3050 in
653 3018 678 3061 7.
698 3001 871 3051 Discessionern
881 3001 978 3066 fiscere.
995 3003 1131 3065 Perrogstis

62 3079 116 3126 siis
128 3080 405 3136 omniu,etdiseedere,
417 3093 442 3130 et
455 3081 571 3137 transire,
618 3079 731 3129 omnibus
752 3084 891 3137 sententiis,
914 3098 990 3145 quum
1011 3093 1069 3136 tres,
1087 3092 1130 3128 sut

64 3174 109 3222 pro
124 3159 267 3219 dissentire,
284 3170 377 3208 veteres
395 3161 516 3209 dicebaut.
536 3162 573 3208 De
617 3171 723 3222 quatuor
749 3163 922 3208 coutroversiae
947 3161 1129 3210 invenirentur:

65 3254 114 3301 qno
126 3242 210 3286 Festus
221 3239 260 3287 bis
273 3239 365 3287 verbis:
379 3241 448 3302 «Qui
459 3239 508 3287 hoc
519 3256 574 3286 cen·
617 3239 729 3302 oportuit
740 3240 766 3286 iu
780 3241 888 3303 eliqunm
903 3256 985 3288 eurum
998 3243 1024 3289 S.
1032 3241 1060 3288 C.
1067 3238 1129 3289 lieri.

66 3319 132 3375 setis,
146 3317 207 3367 illue
221 3320 336 3377 transite3
352 3319 395 3383 qui
414 3319 459 3367 ulie
478 3320 573 3380 omnis,
617 3318 702 3366 Fiebut
714 3335 773 3366 vero
785 3320 813 3367 in
825 3335 892 3378 esur,
907 3336 980 3383 quem
989 3319 1131 3383 pluresluu·

66 3396 90 3443 iu
101 3394 165 3444 bene
177 3408 271 3460 purtem
279 3419 300 3445 ι.
318 3398 390 3446 Mur.
618 3397 721 3446 dussem.
739 3399 905 3447 Pronuntiutis
923 3399 996 3463 igitur
1014 3399 1129 3446 differen-

100 3478 123 3525 5.
141 3478 233 3540 baptis.
247 3476 373 3524 Obscurus
384 3475 425 3524 hio
437 3476 506 3525 locus
519 3487 572 3538 cett
617 3477 682 3525 tibus
696 3478 855 3541 opinionibus
870 3489 1020 3535 nostorum,
1040 3478 1066 3525 in
1080 3480 1131 3526 sin·

68 3569 142 3620 nsque
162 3555 228 3603 euim
248 3565 350 3619 eppei-et
371 3572 442 3603 ceusu
463 3556 528 3616 bec,
540 3573 573 3604 eu
616 3557 684 3621 gulos
700 3557 883 3615 discedebam,
896 3570 939 3616 ut,
960 3557 1129 3621 quamplures

69 3634 161 3683 meto
174 3644 270 3682 tentum
283 3635 356 3682 inerit
368 3635 486 3700 postulati
499 3636 574 3684 tn’bu·
616 3635 760 3700 probsreut,
777 3648 971 3702 cognosceretur.
986 3639 1049 3685 Hinc
1062 3635 1130 3700 npnd

70 3712 130 3772 nitiit
144 3723 170 3762 et
188 3715 209 3761 si
227 3729 315 3773 censs,
337 3730 393 3779 quse
411 3731 481 3762 ceusu
499 3716 574 3776 hujus
616 3718 726 3764 Festum:
737 3716 869 3765 ·Pedsrius
879 3728 976 3765 senator
984 3715 1129 3780 appelletur,

70 3806 149 3842 flua.
162 3793 281 3856 Suspicor
293 3803 373 3840 sutem
386 3809 438 3842 rem
452 3794 573 3842 invidiose
616 3795 685 3860 qnotl
699 3813 830 3860 numquam
846 3798 951 3854 diceret,
972 3797 1034 3852 sed,
1052 3811 1129 3858 quum

71 3871 140 3935 mgis
154 3872 194 3937 (ut
216 3883 342 3919 erutorum
360 3887 414 3920 mos
432 3885 469 3921 est
487 3875 512 3921 in
527 3873 572 3932 iis,
618 3875 790 3935 discederetur,
810 3877 958 3923 transeundo
981 3886 1075 3922 tuntum
1096 3875 1129 3922 s‹l

72 3948 153 4012 pubes
164 3950 335 4018 adversantur)
346 3967 420 4016 quum
433 3953 575 4018 simpliciter
618 3971 681 4013 enm,
692 3956 762 4015 cujus
772 3957 913 4003 sententium
928 3954 1057 4018 probobut,
1069 3954 1129 4017 quid

73 4029 214 4078 :timone
230 4034 391 4096 propositum.
408 4033 440 4080 Et
456 4033 575 4099 sucipien-
619 4033 909 4089 videremuindicnret».
924 4035 1033 4082 Zenosc.
1045 4032 1075 4082 de
1088 4033 1130 4082 Se·
1229 4066 1232 4071 ν

75 4107 142 4173 dun,
166 4125 221 4160 uon
243 4113 313 4179 qussi
336 4112 436 4161 omnino
462 4112 574 4164 tribunus
622 4123 681 4161 nutu
695 4115 768 4161 llom.
