2656 5256
189 507 195 517 ι

148 624 154 632 ι

118 775 125 807 ”
206 782 261 893 o'
526 823 945 893 nudissimum

206 957 437 1041 cognoscent.
454 946 488 1013 Si
505 957 599 1013 esset
612 946 650 1013 in
666 946 710 1013 iis
723 940 830 1028 fides,
845 946 882 1012 in
897 939 1032 1039 quibus
1046 962 1192 1011 summa
1202 963 1282 1011 esse

192 1053 383 1141 debebat,
400 1078 475 1122 non
492 1052 750 1136 laboraremus.
767 1053 866 1124 Vale.

205 1266 332 1313 «Tantum
355 1264 434 1313 habeo
458 1264 589 1328 polliceri,
610 1230 656 1314 mel
674 1265 720 1312 tibi
765 1277 833 1328 gunt,
847 1262 1282 1327 «tuiabsentis‚praesentisquetui⁸,

205 1344 300 1392 absenti
314 1347 411 1409 tuisque
424 1343 584 1409 praesentibus
598 1344 721 1393 cumulate
765 1346 1001 1393 etc.»-s0mmus
1015 1354 1121 1391 veterem
1132 1342 1281 1401 lection-r,

210 1424 389 1473 satisfacturum
398 1446 419 1470 n.
437 1424 489 1473 Alii
503 1424 575 1471 mutu
587 1440 601 1471 ο
615 1425 676 1475 MSS
688 1424 722 1472 le·
766 1425 829 1472 duee
843 1422 1087 1487 Manyniodngum.
1097 1424 1123 1471 J.
1129 1422 1163 1470 V.
1174 1423 1202 1469 L.

206 1658 1270 1683 §mmmmmmmmmfflfflmmmffl

544 1864 843 1943 EPISTOLA
885 1867 940 1944 Il.

207 2060 353 2138 Significat
370 2059 442 2137 quid
455 2059 591 2136 deinceps
603 2073 701 2128 actum
715 2060 746 2117 in
761 2073 862 2118 senatu
879 2059 917 2117 sit
937 2060 967 2116 in
983 2078 1070 2117 causa
1087 2059 1168 2137 regia
1181 2056 1282 2118 idibus

242 2155 399 2234 januariis:
414 2175 480 2232 quae
491 2156 640 2213 sententiae
659 2155 765 2215 dictae:
782 2175 842 2233 quo
858 2156 1028 2234 Pompeius,
1044 2174 1103 2233 quo
1117 2154 1181 2233 ejus
1194 2154 1282 2215 fami-

247 2248 333 2305 liares
344 2247 462 2304 animo:
483 2259 512 2305 et
525 2266 590 2324 quae
606 2245 715 2304 tribuni
731 2249 839 2304 frustra
855 2247 948 2305 moliti
962 2247 1027 2305 sint.
1047 2246 1057 2324 (
1066 2250 1187 2317 uomae,
1202 2264 1283 2304 anno

246 2344 285 2400 U·
300 2342 332 2398 C·
349 2337 438 2416 697.)

392 2528 438 2593 Μ.
451 2531 488 2593 Τ.
503 2531 539 2592 C.
552 2530 584 2592 S.
598 2529 637 2592 D.
649 2528 685 2590 P.
702 2528 903 2592 LENTULO
926 2527 1103 2591 PROCOS.

255 2698 377 2764 lomus
390 2696 563 2788 januariis
580 2696 618 2762 in
636 2708 764 2764 senatu
780 2693 871 2763 nihil
886 2708 940 2764 est
954 2691 1182 2775 confectum,
1192 2715 1281 2788 pro·

206 2818 330 2900 pterea
346 2804 448 2901 quod
468 2803 545 2874 dies
562 2828 691 2901 magna
708 2818 869 2901 exparte
891 2817 1131 2899 consumptus
1152 2815 1208 2872 est
1230 2801 1283 2872 al·

208 2915 408 2982 tercatione
423 2923 434 2957 ¹
451 2914 595 2983 Lentuli
613 2914 773 2984 consulis
787 2928 824 2983 et
839 2917 981 2984 Caninii
998 2911 1135 2982 tribuni
1151 2909 1282 3009 plebis.

209 3026 261 3093 Eo
279 3020 336 3091 die
353 3046 420 3090 nos
436 3047 586 3119 quoque
604 3023 717 3093 multa
733 3022 842 3093 verba
859 3022 1029 3108 fecimus;
1052 3024 1298 3118 maximeque*

209 3134 276 3201 visi
292 3156 418 3202 sumus
435 3147 601 3202 senatum
623 3137 969 3204 commemoratione
991 3147 1061 3202 tuae
1083 3131 1286 3202 volontatis

210 3264 294 3338 erga
308 3241 410 3311 illum
427 3241 594 3312 ordinem
612 3266 852 3313 commovere.
868 3250 995 3341 Itaque
1012 3241 1188 3340 postridie
1204 3243 1284 3341 pla·

212 3355 305 3440 cuit,
316 3351 523 3423 utbreviter
534 3355 730 3423 sententias
742 3352 955 3425 diceremus
970 3351 1172 3425 Videbatur
1183 3356 1283 3423 enim

212 3463 443 3533 reconciliata
464 3461 569 3532 nobis
592 3463 759 3533 voluntas
785 3479 929 3534 senatus
952 3488 1028 3534 osse
1052 3488 1060 3530 :
1084 3462 1186 3559 quod
1204 3477 1284 3532 tum

213 3571 389 3659 dicendo,
411 3587 490 3643 tum
511 3574 661 3675 singulis
683 3574 907 3672 appellandis
931 3572 1174 3669 rogandisque
1199 3598 1284 3671 per·

213 3706 412 3780 spexeram.
433 3690 561 3781 Itaque
578 3708 691 3779 quum
717 3688 895 3754 sententia
916 3687 1033 3781 prima
1054 3680 1172 3752 Bibuli
1196 3707 1285 3779 pro·

214 3796 381 3864 nuntiata
390 3810 495 3881 esset,
503 3809 544 3864 ut
554 3809 625 3865 tres
635 3795 740 3891 legati
751 3818 871 3890 regem
880 3791 1286 3880 reducerent;secunda

212 3907 411 3991 Hortensii,
425 3920 466 3975 ut
476 3919 517 3975 tu
529 3908 606 3976 sine
616 3907 777 3975 exercitu
789 3904 990 3990 reduceres3
1001 3906 1105 3974 tertia
1114 3904 1286 3989 Vulcatii,

148 4075 156 4098 ,
213 4028 256 4084 ut
267 4018 461 4112 Pompeius
475 4013 679 4084 reduceret:
695 4016 917 4113 postulatum
930 4029 1000 4098 ost,
1012 4027 1054 4083 ut
1065 4012 1183 4083 Bibuli
1201 4038 1285 4085 sen·

215 4127 328 4195 tentia
355 4123 614 4194 divideretur2.
639 4126 828 4216 Quatenus
850 4125 895 4196 de'
924 4124 1096 4219 religione
1124 4121 1286 4210 dicebat,

255 4355 277 4385 ι.
290 4338 466 4385 Altercatiorre.
486 4339 523 4386 Do
541 4354 597 4402 rege
614 4340 729 4389 redueen-
772 4343 875 4407 imperio
885 4354 974 4392 essent.
989 4347 1026 4392 lta
1042 4342 1186 4406 Pompeium
1202 4342 1284 4390 exclu-

217 4416 349 4480 dorqmm
361 4418 477 4467 Caninius
490 4419 607 4482 Pompeio
621 4436 673 4466 mm
687 4421 731 4468 de⁴
774 4423 861 4482 debat,
876 4427 919 4487 qui
933 4440 989 4472 cum
1003 4422 1104 4487 imperio
1118 4432 1175 4469 erat.
1189 4423 1260 4469 Mam

218 4496 276 4542 ferri
283 4497 372 4556 vellet3
389 4497 474 4545 consol
489 4512 568 4561 regem
579 4514 659 4561 neque
673 4516 729 4547 eum
809 4520 835 4552 α.
857 4503 1016 4552 Dividemur.
1037 4503 1100 4564 Quia
1120 4501 1150 4548 de
1168 4501 1282 4564 religione

218 4578 326 4625 minito
336 4577 433 4637 reduci,
444 4577 611 4643 nequeabiis,
623 4580 731 4649 quinum
775 4592 800 4631 et
816 4582 847 4630 do
863 4582 941 4632 tribus
958 4582 1043 4647 leptis
1060 4580 1132 4630 simul
1149 4579 1283 4628 deliberan-
