2678 4800
229 359 275 455 xij
372 410 374 415 .
479 365 594 434 virt
620 367 669 435 M.
691 366 730 433 Τ.
752 362 1041 434 nicanorus,

226 497 286 554 tus
300 498 364 555 est.
383 487 500 556 Caesar
517 500 638 557 autem
657 510 809 557 uxorem
832 482 1057 583 repudiavit,
1075 482 1187 580 quod·
1198 481 1296 554 dice·

225 612 298 685 ret,
315 603 521 671 «Domum1
537 603 684 675 Caesaris
698 627 775 699 nou
791 601 910 673 solum
929 600 1090 686 crimine,
1107 597 1170 669 sed
1187 599 1296 668 etiam

223 714 460 811 «suspicione
480 717 640 787 criminis
656 739 783 787 vacare
799 712 970 785 debere».
984 717 1029 783 In
1045 710 1236 799 Clodium,
1256 726 1297 782 ut

224 826 390 898 Ciceroni
409 829 676 917 incommodet,
700 827 791 900 nihil
810 828 953 926 gravius
971 828 1053 923 egit
1074 827 1121 897 At
1143 824 1297 897 Clodius

224 940 371 1012 ultionis
388 942 556 1014 aviditate
575 968 597 1014 a
615 942 781 1042 patribus
804 941 851 1017 ad
875 939 1021 1040 plebem
1043 964 1109 1039 per
1132 939 1297 1038 adoptio·

224 1079 309 1126 nem
341 1059 522 1145 transivit;
549 1057 738 1156 factusque
764 1057 935 1129 tribunus
961 1054 1098 1155 plebis,
1128 1055 1296 1127 Ciceroni

223 1168 321 1240 diem
340 1170 450 1259 dixit,
468 1173 570 1269 quod
589 1173 834 1245 nobilissimos
852 1174 947 1244 cives
966 1185 1145 1257 necasset,
1160 1167 1293 1240 indicta

224 1308 341 1356 causa.
365 1290 476 1357 Erant
491 1302 613 1359 autem
627 1302 715 1359 tunc
735 1286 901 1359 consules
915 1291 955 1358 L.
974 1289 1056 1358 Piso
1076 1284 1225 1357 Caesaris
1237 1309 1294 1354 so·

225 1422 297 1485 cer,
314 1414 351 1471 et
367 1405 404 1472 Ρ.
424 1399 617 1493 Gabinius,
639 1403 705 1499 qui
723 1403 991 1500 provinciarum
1011 1424 1074 1498 spe
1094 1395 1213 1472 Clodii
1232 1422 1295 1489 cor

224 1511 371 1587 uatibus
404 1513 579 1587 favebant.
619 1515 730 1606 Quod
763 1514 967 1614 intelligens
1001 1517 1147 1600 Cicero,
1178 1535 1295 1610 quum

225 1650 345 1724 neque
370 1654 391 1700 a
413 1633 606 1728 Pompeio,
632 1655 754 1728 neque
774 1629 823 1701 ab
846 1630 925 1701 aliis
945 1629 1073 1700 amicis
1097 1630 1182 1699 satis
1206 1640 1296 1696 tuta·

223 1756 336 1831 retur,
346 1744 486 1843 aufugit
501 1773 509 1816 :
524 1745 728 1843 absensque
748 1743 938 1817 damnatus
958 1759 1013 1817 est
1033 1769 1055 1815 a
1071 1741 1223 1826 Clodio,
1241 1756 1295 1829 ut,

222 1855 331 1931 bonis
346 1860 422 1955 ejus
435 1859 645 1959 publicatis,
658 1859 933 1959 quadringentis
946 1857 1108 1931 millibus
1122 1881 1295 1956 passuum

221 1969 270 2043 ab
297 1973 397 2045 ltalia
428 1977 503 2073 igni
531 1991 568 2048 et
596 2000 690 2074 aqua
715 1975 767 2047 illi
796 1975 1097 2047 interdiceretur:
1119 1973 1183 2070 qui
1208 1996 1294 2043 vero

223 2085 383 2186 hospitio
399 2114 484 2161 eum
505 2093 738 2189 suscepisset,
759 2090 861 2162 exsul
884 2104 996 2176 esset,
1017 2104 1054 2161 et
1071 2112 1135 2159 sua
1153 2088 1295 2158 amitte·

223 2217 279 2274 ret
298 2205 438 2274 omnia:
460 2204 699 2305 additumque
717 2206 897 2304 rogationi
915 2219 986 2292 est,
1004 2228 1053 2275 ne
1074 2204 1157 2301 quis
1180 2200 1229 2273 de
1252 2225 1295 2272 eo

223 2315 435 2389 reducendo
468 2318 639 2408 referret,
679 2319 944 2418 disputarem,
975 2334 1039 2389 aut
1068 2315 1226 2415 pedibus
1257 2316 1296 2420 in

119 2432 122 2441 '
223 2435 440 2503 seutentiam
468 2434 546 2504 iret.
580 2438 669 2525 Quae
694 2437 817 2506 omnia
846 2433 1006 2533 populus
1032 2433 1154 2519 scivit,
1184 2445 1297 2527 atque

223 2543 459 2641 approbavit,
480 2548 633 2618 maxime
654 2549 712 2641 (ut
731 2571 876 2646 semper
896 2544 980 2643 fuit)
996 2547 1203 2616 animorum
1223 2568 1297 2613 mu·

225 2656 409 2731 tabilitate.
431 2658 580 2732 Clodius
597 2661 646 2732 ita
664 2660 795 2733 exsulis
809 2661 910 2732 villas
930 2659 1098 2759 diripuit,
1117 2657 1298 2764 incendit,

223 2770 375 2844 domum
392 2775 430 2844 in
446 2773 579 2845 Palatio
599 2798 620 2845 a
641 2773 889 2847 fundamentis
905 2773 1099 2845 demolitus
1111 2786 1181 2859 est,
1205 2786 1246 2844 et
1259 2773 1297 2842 in

221 2912 306 2960 area
328 2889 506 2988 templum
533 2889 724 2963 Libertatis
746 2892 956 2962 constituit:
978 2887 1143 2961 fortunas
1168 2911 1297 2959 omnes

224 3002 334 3074 bastae
349 3003 521 3100 subjecit;
537 3029 605 3079 nec
619 3020 742 3076 tamen
759 3006 797 3075 in
819 3018 895 3075 tota
913 3003 973 3075 illa
991 3005 1160 3075 auctione
1176 3016 1299 3074 sector

224 3117 404 3215 quispiam
420 3133 586 3217 repertus
600 3133 665 3190 est.
678 3120 805 3189 Cicero
819 3121 857 3188 in
871 3117 1122 3189 Macedoniam
1135 3113 1298 3214 aufugit,

223 3228 288 3301 ubi
305 3255 326 3302 a
345 3232 476 3303 Planco
495 3232 652 3330 benigne
674 3247 847 3330 exceptus
865 3246 930 3303 est.
945 3230 1094 3302 Clodius
1105 3244 1231 3302 autem
1247 3228 1298 3300 ob

224 3346 413 3416 victoriam
432 3346 645 3417 insolentior
664 3344 798 3433 factus,
817 3347 925 3417 etiam
939 3350 1154 3444 Pompeium
1169 3346 1210 3414 in
1226 3368 1299 3443 pu·

223 3457 320 3530 blica
346 3461 522 3530 concione
554 3459 785 3532 contumeliis
817 3459 1010 3558 proscidit,
1036 3482 1228 3556 quarens,
1258 3471 1299 3529 ut

223 3573 401 3673 populus,
427 3576 638 3672 Pompeium
659 3599 744 3646 eum
762 3598 859 3663 esse,
883 3571 1150 3673 responderet:
1177 3573 1300 3664 «Quis

221 3713 324 3761 utino
334 3686 447 3786 digito
460 3703 570 3786 caput
583 3689 861 3786 scaberet?quis
874 3690 929 3759 vir
937 3689 1057 3760 virum
1067 3687 1299 3786 quaereretis

267 3938 292 3977 1.
306 3916 477 3976 Plutarchus
488 3938 548 3976 non
561 3921 688 3988 dorium,
700 3917 751 3976 sed
767 3937 885 3975 acorem
891 3960 901 3987 ,
918 3928 1039 3998 paseha,
1050 3917 1133 3975 dixit.
1145 3917 1300 3995 Xylandcr

223 4017 432 4094 interpretatus
445 4031 488 4074 est
501 4019 624 4086 domatur,
637 4016 834 4094 nescioquam
845 4014 884 4072 ob
898 4035 1031 4086 causam;
1043 4029 1147 4074 etcum
1158 4028 1299 4095 sequutus

224 4125 268 4172 est
280 4112 341 4192 ipsc
355 4119 387 4174 P.
400 4114 563 4187 Manutius3
574 4127 603 4173 at
617 4134 721 4192 parum
737 4112 868 4172 feliciter.
883 4117 937 4171 Eo.
