2656 5256
10 570 14 757 l
366 630 412 718 r.
444 630 788 721 ulnurtus

10 774 13 945 l
89 846 127 895 nn
141 845 362 896 rmromnus
379 840 547 903 numu,
564 846 687 909 Quuus
703 847 728 895 a
744 845 926 910 crcmonr,
943 848 1008 896 vm
1024 848 1071 897 an

236 960 452 1020 merrom,
468 960 618 1013 sermm
635 960 724 1011 sum·
740 960 913 1011 ΕΡΙΘΊῸΒΕ.

10 1188 12 1219 ²
54 1160 272 1293 Ενιετοω,
289 1230 383 1304 quas
397 1206 602 1277 Familiares
612 1218 765 1291 vocant,
783 1205 925 1301 scriptae
943 1218 1030 1275 sunt
1043 1230 1117 1277 om·

53 1346 102 1393 net
119 1336 211 1421 post
236 1321 492 1410 consulatum,
514 1335 598 1392 ante
615 1320 796 1407 exsilium,
812 1320 852 1390 in
870 1320 1014 1407 exsilio,
1033 1336 1119 1420 post

54 1436 217 1508 exsilium.
233 1438 330 1507 Ante
342 1434 507 1506 exsilium
519 1435 697 1532 quinque.
710 1435 829 1504 Prima
842 1434 1026 1523 omnium,
1036 1459 1119 1532 qum

55 1552 217 1649 Pompeio
235 1554 370 1649 Magno
388 1550 622 1622 inscribitur:
643 1550 756 1621 altera
776 1552 820 1641 Q.
833 1548 971 1621 Metelli
986 1549 1120 1622 Celeris

56 1665 348 1738 adCiceronem:
375 1666 480 1738 tertia
504 1666 688 1738 Ciceronis
707 1662 753 1735 ad
773 1689 877 1737 eum:
896 1678 1045 1762 quarta,
1072 1663 1121 1737 ad

57 1784 87 1852 C.
100 1782 330 1853 Antonium:
354 1785 498 1880 quinta,
518 1782 566 1853 ad
585 1786 623 1853 P.
644 1783 831 1853 Sextium:
855 1805 937 1878 quae
960 1782 999 1852 in
1022 1779 1118 1854 libro

58 1895 960 1994 quintoomnesleguntur.1nexsilio‚adTerentiam
968 1920 1121 1969 uxorem

59 2012 212 2109 quinque
236 2010 298 2081 lib.
316 2015 413 2082 XIV.
434 2016 520 2083 Post
541 2010 707 2083 exsilium
732 2009 880 2108 reliquae
902 2034 1043 2083 omnes.
1064 2010 1121 2082 ld

59 2125 245 2198 lentulum
259 2124 324 2196 lib.
338 2130 355 2197 1
371 2125 518 2198 diversis
531 2123 772 2224 temporibus,
786 2124 825 2195 id
839 2138 906 2211 est,
916 2139 995 2196 toto
1007 2125 1120 2197 trien·

58 2242 126 2325 nio,
156 2241 304 2337 scriptae
332 2254 434 2325 sunt,
462 2263 525 2311 sex
559 2238 709 2336 quidem
739 2239 885 2337 primae‚
910 2237 1122 2336 gerentibus

57 2353 281 2424 consulatum
297 2352 508 2425 Marcellino
529 2367 566 2424 et
581 2350 769 2449 Philippo:
787 2352 940 2449 septima
960 2366 998 2424 et
1021 2366 1121 2425 octa·

10 2452 13 2569 j
57 2491 108 2551 ra,
130 2469 310 2565 Pompeio
336 2482 373 2539 et
398 2472 525 2539 Crasso
540 2465 556 2537 ε’
583 2491 701 2555 nona,
729 2466 892 2537 Domitio
917 2479 954 2537 et
977 2470 1122 2566 Appio:

10 2598 12 2605 ·
55 2581 147 2679 qnod
165 2607 208 2653 ex
227 2606 362 2654 earum
377 2584 597 2680 argumentis
615 2595 653 2652 et
670 2578 923 2653 observatione
940 2583 1124 2679 cognosci-

57 2710 108 2766 tur
127 2696 302 2770 historiar.
