2656 5256
341 334 717 426 nr1sr0nn‚1‚7.
1018 334 1066 404 23

100 468 316 553 potuerunt,
326 451 525 527 invidendo
536 452 807 524 abalienarunt:
823 476 982 549 quorum
996 477 1067 524 ma·
1131 452 1139 467 “

100 567 283 636 tutissimis
295 561 624 649 obtrectationibus
635 587 703 633 nos
716 565 806 633 scito
818 561 864 633 de
873 577 993 634 vetere
1007 564 1067 635 illa

100 699 115 745 a
126 674 383 775 diuturnaque
393 677 693 770 sententiaprope
704 673 779 767 jaun
792 695 870 743 esse
882 670 1067 770 depulsos,

100 810 152 856 tos
163 784 322 882 quidem
338 800 380 856 ut
395 797 525 856 nostre
542 782 728 880 dignitatis
743 785 857 852 simus
870 782 991 870 obliti,
1003 782 1065 855 sed

100 894 253 966 beamus
268 898 447 966 rationem
463 893 659 991 aliquando
673 896 780 964 etiam
794 894 929 965 salutis.

100 1020 189 1077 terat
198 1021 402 1102 utrumque
411 1005 598 1101 praeclare,
611 1008 639 1074 si
652 1018 745 1074 esset
753 1000 843 1074 fides
854 1056 863 1086 ‚
873 1006 902 1074 si
915 1009 1068 1101 gravitas

100 1114 262 1187 minibus
271 1112 561 1186 consularibus²⁷
570 1139 579 1197 3
589 1112 652 1183 sed
666 1126 764 1183 tanta
773 1127 828 1185 est
839 1115 876 1183 in
885 1114 1068 1211 plerisque

102 1250 136 1312 s,
152 1240 197 1296 ut
211 1249 276 1295 eos
292 1249 368 1295 non
383 1240 455 1295 tam
473 1227 674 1294 constantin
689 1227 727 1293 in
743 1222 929 1320 republica
945 1239 1068 1296 nostra

101 1349 176 1422 tet,
200 1359 313 1432 quam
342 1332 516 1432 splendor
541 1331 715 1405 offendat.
744 1331 854 1424 Quod
881 1357 927 1404 eo
950 1333 1066 1405 liben-

100 1443 164 1517 ‘ad
183 1461 219 1516 te
237 1445 442 1542 scrib0‚qui
458 1468 532 1513 non
548 1444 666 1514 solum
683 1441 909 1541 temporibus
925 1446 1069 1541 iis‚qum

100 1582 123 1628 e
150 1582 235 1627 sum
258 1555 431 1653 adeptus,
453 1553 642 1629 sedetiam
663 1554 751 1624 olim
776 1556 936 1623 nascenti
953 1577 1069 1652 prope

100 1692 130 1737 τε
146 1665 267 1753 laudi,
283 1662 471 1762 dignitati,
486 1666 686 1761 virtutique
706 1659 878 1760 praefuisti
887 1673 920 1719 ²⁹
936 1688 944 1730 :
962 1665 1068 1734 simul

100 1776 246 1863 rideo,
268 1801 365 1861 non,
387 1791 429 1846 ut
442 1773 595 1846 antehac
610 1771 804 1871 putabam,
825 1775 975 1844 novitati
992 1758 1069 1846 esse

100 1911 158 1957 nm
183 1911 292 1972 meae3
317 1890 354 1956 in
374 1900 409 1955 te
426 1887 546 1968 enim,
576 1882 725 1953 homine
741 1885 905 1961 omnium
923 1880 1071 1953 nobilis·

100 1997 247 2081 ,similia
257 1993 465 2065 invidorum
478 1996 564 2063 vitia
577 1994 742 2090 perspexi
755 2017 764 2058 ε
782 2016 892 2088 quem
908 2005 1028 2063 tamen
1037 1988 1071 2036 ³⁰

100 2131 145 2177 ¹»se
158 2109 197 2175 in
209 2102 437 2203 principibus
453 2101 555 2173 facile
571 2117 658 2172 sunt
676 2104 792 2200 passi,
808 2100 949 2170 evolare
965 2101 1072 2171 altius

115 2215 326 2285 noluerunt.
352 2211 502 2285 Gaudeo
522 2227 621 2283 tuam
643 2210 851 2281 dissimilem
872 2208 982 2281 fuisse
1004 2208 1071 2281 for·

100 2351 150 2394 m:
166 2325 324 2395 multum
339 2327 437 2395 enim
457 2327 622 2406 interest,
645 2336 768 2392 utrum
787 2321 864 2391 laus
882 2324 1073 2392 imminua·

106 2460 171 2517 ‚an
185 2435 282 2504 salus
295 2434 489 2505 deseratur.
503 2439 561 2504 Me
574 2458 661 2503 mese
678 2447 796 2503 tamen
811 2458 856 2502 ne
871 2436 978 2503 nimis
989 2458 1069 2532 poe·

100 2560 150 2631 et,
164 2560 226 2614 tua
237 2547 371 2614 virtute
382 2540 582 2641 perlectum
593 2556 663 2613 cst:
677 2544 807 2613 curasti
820 2544 929 2629 enirn,
938 2557 978 2615 ut
988 2544 1071 2641 plus

100 2679 167 2723 um
175 2653 223 2723 ad
236 2656 446 2722 memoriam
459 2655 616 2723 nominis
628 2656 871 2748 nostri,quam
881 2652 1070 2750 demptum

102 2780 210 2836 muna
227 2763 418 2834 videretur.

113 2901 202 2946 sero
218 2899 351 2945 moneo
362 2899 477 2971 quum
491 2871 677 2945 beneficiis
695 2878 781 2961 tuis,
793 2887 872 2943 tum
885 2897 1009 2943 amore
1022 2877 1072 2943 iu-

100 3012 132 3056 1s
149 3011 255 3069 men,
282 3000 321 3055 ut
337 3010 482 3056 omnem
499 2984 665 3081 glorium,
685 2983 731 3054 ad
752 3008 861 3080 quam
879 3008 900 3054 a
917 2985 1072 3080 pueritia

106 3200 165 3250 qne
179 3201 227 3249 ego
242 3185 358 3249 egebam,
374 3200 515 3249 semperque
596 3199 639 3245 29.
667 3180 796 3246 Praefttisti.
821 3182 889 3242 Alit,
909 3182 1008 3249 flevisti.
1027 3184 1070 3232 vi·

100 3275 146 3323 ηις
159 3281 199 3311 me
217 3274 298 3311 tamen
312 3280 362 3311 non
380 3264 516 3311 satisfecere
561 3265 858 3327 ctorins,qnieneutmm
869 3265 986 3313 exstasin
996 3266 1071 3323 MSS,

100 3360 135 3402 o,
150 3345 321 3407 Caesaremque
333 3344 393 3391 mihi
405 3343 518 3391 inimicis
564 3354 677 3391 nentrum
689 3342 808 3406 agnoscit,
817 3342 948 3408 locumque
959 3354 988 3392 nt
1000 3345 1072 3393 mnu-

105 3423 168 3470 mihi
182 3423 309 3483 futurum,
321 3422 424 3485 gaudere
434 3439 458 3470 se
469 3425 517 3471 eie·
562 3422 611 3471 lum
625 3423 727 3471 notavit.

100 3502 175 3551 Nout
184 3511 267 3551 autem
278 3503 382 3549 maxime
393 3501 515 3560 Bibulum,
596 3504 640 3550 3ο.
659 3505 715 3552 ‚lam
741 3501 834 3565 pridem
855 3500 1000 3549 adnotatum
1023 3500 1069 3564 legi

100 3599 133 3641 n,
154 3581 294 3628 Domitium
313 3579 516 3639 Ahenobarbum,
561 3582 632 3628 etiam
662 3592 746 3628 tarnen
765 3580 818 3628 etsi.
836 3576 1071 3645 Monuni-Legum

100 3663 187 3718 ,inum
203 3661 295 3711 (ζωή
306 3660 472 3723 Pompeioque
481 3661 517 3707 in·
561 3660 678 3723 probevit
691 3672 715 3709 et
727 3660 828 3724 recepit.
838 3660 901 3709 J.v.
911 3662 939 3708 L.

102 3743 176 3791 Mu.
600 3741 640 3787 31.
661 3742 746 3786 Utrum
759 3740 813 3787 lans
831 3738 995 3786 imminuatur.
1009 3738 1076 3784 Tan·

100 3821 279 3870 ”ausulars'bum
293 3820 364 3880 Quos
382 3835 445 3883 saepe
467 3835 518 3866 cer·
564 3832 616 3868 tum
639 3820 703 3867 enim
726 3819 756 3866 de
782 3830 822 3866 tm
843 3817 961 3880 dignitate
984 3814 1075 3878 egitur.

105 3903 149 3955 tv.
158 3902 233 3967 epist.
245 3900 279 3948 ad
291 3901 347 3947 Art.
362 3900 433 3947 Mn.
565 3916 616 3945 mea
634 3915 692 3945 vem
709 3898 773 3946 salus
787 3897 876 3944 afflicta
892 3906 936 3943 est.
951 3894 1028 3958 Epist.
1041 3896 1074 3942 6:

100 3981 253 4031 benedicte
268 3989 329 4024 ven.
347 3978 402 4025 edd.
418 3989 442 4025 et
460 3989 518 4026 octo
563 3979 681 4025 “Minore
697 3978 722 4024 in
741 3994 766 4024 re
777 3976 882 4023 violatur
898 3985 938 4022 tue
954 3973 1076 4036 dignius,

100 4061 159 4111 rud.
170 4058 283 4110 liberos.
297 4058 359 4105 J.v.
367 4059 395 4106 L
565 4074 636 4121 quam
646 4073 698 4105 mea
714 4057 777 4105 salus
791 4054 879 4104 afflicta
894 4055 953 4103 sit».
967 4054 1038 4104 ΜΔΙ.
