2656 5256
410 416 790 508 nursinum&
837 504 842 521 .
1090 444 1130 516 ¹7

19 634 48 678 γι.
104 630 1133 657 fflmmmfflmfflmmfflmmm

396 798 693 880 EPISTOLA
730 799 805 879 Vl.

12 958 29 999 ἐ
79 986 131 1044 lita
141 984 276 1062 temporis
286 981 420 1054 medela,
432 994 462 1040 et
473 1001 491 1042 a
504 1002 558 1041 suo
570 981 708 1059 exemplo¹
715 980 827 1040 solatur
839 981 994 1057 Lentulum
1007 982 1037 1041 iu
1052 984 1135 1044 tardo

106 1089 225 1157 sperata
243 1076 288 1135 rei
305 1094 479 1154 progressu,
493 1087 523 1133 et
543 1073 580 1132 ad
601 1072 689 1134 animi
708 1071 935 1153 magnitudinem
953 1074 1136 1135 adhortatur.

103 1170 114 1247 (
122 1175 211 1228 Anno
225 1172 265 1229 U.
278 1173 313 1228 C.
324 1169 410 1244 697.)

227 1340 276 1404 M.
290 1340 330 1404 T.
347 1340 386 1403 C.
403 1339 439 1403 P.
458 1338 661 1405 LENTULO
683 1338 860 1405 PROCOS.
884 1342 916 1407 S.
934 1342 975 1408 D.

105 1486 204 1575 Qun
219 1496 412 1578 gerantur,
427 1483 581 1579 accipies
599 1506 644 1552 ex
659 1481 822 1553 Pollione
834 1493 864 1550 ¹:
884 1486 947 1583 qui
965 1485 1139 1558 omnihus

53 1593 222 1690 negotiis
255 1615 331 1661 non
360 1588 527 1661 interfuit
556 1591 695 1678 solum,
724 1590 787 1661 sed
819 1590 973 1689 praefuit.
1008 1598 1067 1666 Mo
1099 1599 1138 1667 in

51 1726 212 1775 summo
242 1699 389 1788 dolore,
409 1724 520 1797 quem
545 1703 583 1770 in
610 1703 681 1771 tuis
703 1699 813 1772 rebus
837 1704 958 1799 capio,
983 1706 1139 1776 maxime

52 1813 205 1885 scilicet
220 1811 432 1882 consoletur
447 1834 547 1908 spes,
562 1809 665 1908 quod
680 1810 784 1882 valde
802 1815 979 1909 suspicor,
990 1811 1084 1903 iore,
1098 1831 1141 1887 ut

54 1920 289 2017 infringatur
310 1919 502 1991 hominum
523 1918 736 2018 improbitas
754 1935 792 1991 et
810 1922 970 1991 consiliis
991 1935 1138 1995 tuorum

53 2036 291 2118 amicorum,
306 2043 343 2101 et
362 2033 441 2128 ipsa
460 2029 539 2117 die,
561 2055 642 2127 quae
663 2029 827 2102 debilitat
848 2034 1084 2126 cogitationes
1103 2050 1141 2105 et

56 2143 322 2226 inimicorum,
339 2151 376 2209 et
392 2134 635 2236 proditorum.
658 2141 773 2211 Facile
796 2140 958 2212 secundo
980 2143 1061 2214 loco
1080 2169 1138 2216 me

10 2312 13 2347 ,
56 2249 280 2322 oonsolatur
299 2244 503 2320 recordatio
522 2273 686 2319 meorum
708 2261 953 2348 temporum2,
976 2252 1136 2352 quorum

10 2354 13 2447 l
59 2362 266 2457 imaginem
287 2358 394 2429 video
413 2362 452 2429 in
478 2359 587 2430 rebus
612 2363 694 2431 tuis.
724 2365 815 2433 Nam
841 2364 907 2431 etsi
934 2365 1074 2434 minore
1098 2367 1136 2435 in

61 2497 102 2543 re
114 2470 279 2542 violatur
296 2484 357 2540 tua
373 2469 544 2566 dignitas,
558 2495 668 2566 quam
686 2494 765 2542 men
780 2467 898 2541 sulus³
919 2469 1051 2544 afflicta
1069 2476 1138 2562 sit;

61 2597 190 2653 tamen
206 2593 263 2650 est
279 2593 378 2650 tanta
393 2578 611 2668 similitudo,
632 2595 674 2650 ut
692 2605 852 2678 sperum,
875 2595 909 2651 te
926 2578 1014 2651 mihi
1031 2585 1136 2678 igno·

63 2716 180 2778 scere,
189 2693 218 2759 si
231 2713 274 2760 ea
286 2713 361 2759 nou
375 2690 677 2786 timuerim⁴,quae
689 2715 736 2761 ne
748 2704 788 2759 tu
800 2689 950 2787 quidem
961 2717 1136 2789 umquam

65 2798 230 2871 timenda
248 2797 394 2869 duxisti.
411 2798 481 2869 Sed
496 2813 623 2897 praesta
642 2815 677 2871 te
695 2824 799 2887 eum,
815 2804 879 2897 qui
897 2800 985 2872 milri
999 2826 1020 2872 a
1034 2818 1135 2874 teno-

68 2912 133 2996 ris,
147 2922 191 2978 ut
207 2909 324 2979 Graeci
339 2905 485 2995 dicunt,
502 2908 709 3004 unguiculis
726 2933 763 2978 es
780 2913 958 3005 cognitus.
981 2909 1139 2984 Illustra-

68 3019 132 3107 bit,
143 3018 238 3089 mihi
253 3015 372 3105 crede,
384 3031 483 3088 tuam
496 3017 773 3116 amplitudinem
788 3017 980 3089 hominum
994 3021 1137 3117 injuria.

71 3136 98 3201 A
110 3155 171 3200 me
188 3131 313 3199 omnia
329 3153 470 3199 summa
486 3132 524 3199 in
546 3143 580 3199 te
597 3127 716 3199 studia
732 3126 926 3226 officiaque
950 3148 1138 3229 exspecta:

72 3264 143 3310 uon
158 3238 281 3311 fallam
296 3240 509 3336 opinionem
524 3253 633 3309 trram.
647 3238 743 3309 Vale.

108 3436 587 3490 molliore.Htcvtdernrtuurentm-
668 3440 692 3488 3.
710 3438 803 3487 Aberat
818 3436 892 3488 salus.
916 3442 1013 3492 Gruter.
1036 3456 1060 3492 et
1084 3456 1141 3510 port

77 3522 147 3570 sinin·
162 3521 256 3577 Pollio,
272 3519 367 3582 dequo
382 3517 511 3566 dicendum
526 3519 585 3577 erit,
631 3535 686 3567 eum
704 3519 774 3566 multi
790 3537 803 3566 e
820 3520 906 3569 codice
919 3523 999 3571 Vatic.
1018 3524 1141 3573 addidere.

77 3617 147 3664 qaum
162 3599 193 3646 de
203 3600 282 3664 ipsius
295 3598 406 3663 epistolia
420 3609 513 3660 agetur.
524 3599 569 3645 En.
630 3601 647 3647 J
650 3633 655 3645 .
666 3599 698 3644 V.
715 3600 743 3647 L.

110 3697 135 3729 a.
157 3680 270 3727 uteorum
291 3690 436 3741 temporum.
459 3677 498 3724 Sic
522 3694 587 3742 saepe
668 3675 771 3730 l.Sr'ea
781 3679 967 3726 nontimuerr'm.
980 3680 1144 3739 Fore,ntn0s

80 3775 113 3806 rer
123 3758 235 3806 adversas
245 3774 302 3806 suar
316 3768 342 3805 et
355 3769 452 3821 tempus
461 3756 540 3805 milii
549 3756 587 3804 sui
632 3755 663 3801 ab
676 3756 780 3803 inimicis
794 3758 841 3804 tuis
853 3758 911 3806 victi
922 3768 1040 3824 perpetuo
1051 3762 1143 3821 jacere·

80 3840 159 3886 (turo
167 3838 285 3902 designat.
293 3838 340 3884 Eo.
634 3852 696 3883 mus.
708 3835 786 3884 Coun.

387 3991 834 4022 *—

171 4168 195 4230 l·
225 4195 272 4240 sic.
283 4208 343 4257 pars
360 4200 451 4254 quarta.
