<?xml version="1.0" encoding="UTF-8"?>
<!DOCTYPE html PUBLIC "-//W3C//DTD XHTML 1.0 Transitional//EN"
    "http://www.w3.org/TR/xhtml1/DTD/xhtml1-transitional.dtd">
<html xmlns="http://www.w3.org/1999/xhtml" xml:lang="en" lang="en">
 <head>
  <title>
</title>
<meta http-equiv="Content-Type" content="text/html;charset=utf-8" />
  <meta name='ocr-system' content='tesseract 3.04.00' />
  <meta name='ocr-capabilities' content='ocr_page ocr_carea ocr_par ocr_line ocrx_word'/>
</head>
<body>
  <div class='ocr_page' id='page_1' title='image "bibliothecaclas71lemagoog_0019.png"; bbox 0 0 2656 5256; ppageno 0'>
   <div class='ocr_carea' id='block_1_1' title="bbox 5 784 1209 3785">
    <p class='ocr_par' dir='ltr' id='par_1_1' title="bbox 5 784 1209 3785">
     <span class='ocr_line' id='line_1_1' title="bbox 5 784 791 902; baseline -0.004 -22"><span class='ocrx_word' id='word_1_1' title='bbox 5 886 9 895; x_wconf 70' lang='grc'><em>,</em></span> <span class='ocrx_word' id='word_1_2' title='bbox 131 812 167 879; x_wconf 73' lang='lat' dir='ltr'><strong>iv</strong></span> <span class='ocrx_word' id='word_1_3' title='bbox 344 896 346 902; x_wconf 65' lang='lat'><strong>,</strong></span> <span class='ocrx_word' id='word_1_4' title='bbox 520 784 791 877; x_wconf 77' lang='lat' dir='ltr'><strong>ransarro</strong></span> 
     </span>
     <span class='ocr_line' id='line_1_2' title="bbox 129 906 1205 1026; baseline 0.003 -18"><span class='ocrx_word' id='word_1_5' title='bbox 129 929 255 1008; x_wconf 89' lang='lat' dir='ltr'><strong>libros</strong></span> <span class='ocrx_word' id='word_1_6' title='bbox 268 943 309 1005; x_wconf 86' lang='lat' dir='ltr'><strong>¹et</strong></span> <span class='ocrx_word' id='word_1_7' title='bbox 324 925 462 1005; x_wconf 90' lang='lat' dir='ltr'><strong>titulos</strong></span> <span class='ocrx_word' id='word_1_8' title='bbox 480 924 581 1004; x_wconf 88' lang='lat' dir='ltr'><strong>bene</strong></span> <span class='ocrx_word' id='word_1_9' title='bbox 597 924 813 1026; x_wconf 88' lang='lat' dir='ltr'><strong>distinctis,</strong></span> <span class='ocrx_word' id='word_1_10' title='bbox 830 906 961 1009; x_wconf 80' lang='lat' dir='ltr'><strong>nullus</strong></span> <span class='ocrx_word' id='word_1_11' title='bbox 976 930 1056 1009; x_wconf 88' lang='lat' dir='ltr'><strong>fere</strong></span> <span class='ocrx_word' id='word_1_12' title='bbox 1074 931 1205 1012; x_wconf 74' lang='lat' dir='ltr'><strong>hacto</strong></span> 
     </span>
     <span class='ocr_line' id='line_1_3' title="bbox 128 1048 1206 1156; baseline 0.004 -26"><span class='ocrx_word' id='word_1_13' title='bbox 128 1081 204 1133; x_wconf 90' lang='lat' dir='ltr'><strong>nus</strong></span> <span class='ocrx_word' id='word_1_14' title='bbox 223 1048 325 1129; x_wconf 94' lang='lat' dir='ltr'><strong>ordo</strong></span> <span class='ocrx_word' id='word_1_15' title='bbox 346 1067 572 1156; x_wconf 89' lang='lat' dir='ltr'><strong>temporum</strong></span> <span class='ocrx_word' id='word_1_16' title='bbox 593 1068 769 1130; x_wconf 88' lang='lat' dir='ltr'><strong>servatus</strong></span> <span class='ocrx_word' id='word_1_17' title='bbox 791 1069 861 1130; x_wconf 92' lang='lat' dir='ltr'><strong>est.</strong></span> <span class='ocrx_word' id='word_1_18' title='bbox 885 1053 969 1132; x_wconf 90' lang='lat' dir='ltr'><strong>Etsi</strong></span> <span class='ocrx_word' id='word_1_19' title='bbox 989 1053 1123 1134; x_wconf 91' lang='lat' dir='ltr'><strong>Caroli</strong></span> <span class='ocrx_word' id='word_1_20' title='bbox 1148 1055 1206 1134; x_wconf 92' lang='lat' dir='ltr'><strong>Si-</strong></span> 
     </span>
     <span class='ocr_line' id='line_1_4' title="bbox 128 1170 1205 1285; baseline -0.001 -28"><span class='ocrx_word' id='word_1_21' title='bbox 128 1177 238 1284; x_wconf 81' lang='lat' dir='ltr'><strong>gonii</strong></span> <span class='ocrx_word' id='word_1_22' title='bbox 260 1173 492 1283; x_wconf 91' lang='lat' dir='ltr'><strong>praeclarum</strong></span> <span class='ocrx_word' id='word_1_23' title='bbox 510 1170 688 1252; x_wconf 90' lang='lat' dir='ltr'><strong>studium</strong></span> <span class='ocrx_word' id='word_1_24' title='bbox 709 1175 753 1251; x_wconf 93' lang='lat' dir='ltr'><strong>in</strong></span> <span class='ocrx_word' id='word_1_25' title='bbox 775 1175 838 1253; x_wconf 90' lang='lat' dir='ltr'><strong>his</strong></span> <span class='ocrx_word' id='word_1_26' title='bbox 861 1173 912 1254; x_wconf 90' lang='lat' dir='ltr'><strong>ad</strong></span> <span class='ocrx_word' id='word_1_27' title='bbox 933 1204 1002 1254; x_wconf 92' lang='lat' dir='ltr'><strong>sua</strong></span> <span class='ocrx_word' id='word_1_28' title='bbox 1020 1194 1205 1285; x_wconf 89' lang='lat' dir='ltr'><strong>tempora</strong></span> 
     </span>
     <span class='ocr_line' id='line_1_5' title="bbox 126 1288 1204 1406; baseline 0.002 -28"><span class='ocrx_word' id='word_1_29' title='bbox 126 1288 377 1395; x_wconf 91' lang='lat' dir='ltr'><strong>revocandis,</strong></span> <span class='ocrx_word' id='word_1_30' title='bbox 398 1313 601 1404; x_wconf 88' lang='lat' dir='ltr'><strong>assumpto</strong></span> <span class='ocrx_word' id='word_1_31' title='bbox 626 1296 861 1404; x_wconf 79' lang='lat' dir='ltr'>Hieronymi</span> <span class='ocrx_word' id='word_1_32' title='bbox 890 1300 1109 1406; x_wconf 84' lang='lat' dir='ltr'><strong>Ragazonii</strong></span> <span class='ocrx_word' id='word_1_33' title='bbox 1128 1330 1204 1380; x_wconf 91' lang='lat' dir='ltr'><strong>no·</strong></span> 
     </span>
     <span class='ocr_line' id='line_1_6' title="bbox 126 1419 1205 1530; baseline 0.003 -29"><span class='ocrx_word' id='word_1_34' title='bbox 126 1424 245 1522; x_wconf 90' lang='lat' dir='ltr'><strong>mine,</strong></span> <span class='ocrx_word' id='word_1_35' title='bbox 266 1423 476 1518; x_wconf 82' lang='lat' dir='ltr'><strong>enituerat,</strong></span> <span class='ocrx_word' id='word_1_36' title='bbox 497 1437 538 1499; x_wconf 89' lang='lat' dir='ltr'><strong>et</strong></span> <span class='ocrx_word' id='word_1_37' title='bbox 553 1437 693 1527; x_wconf 89' lang='lat' dir='ltr'><strong>postea</strong></span> <span class='ocrx_word' id='word_1_38' title='bbox 711 1419 865 1530; x_wconf 88' lang='lat' dir='ltr'><strong>aliquot</strong></span> <span class='ocrx_word' id='word_1_39' title='bbox 883 1421 995 1502; x_wconf 83' lang='lat' dir='ltr'><strong>sactae</strong></span> <span class='ocrx_word' id='word_1_40' title='bbox 1013 1441 1106 1503; x_wconf 94' lang='lat' dir='ltr'><strong>sunt</strong></span> <span class='ocrx_word' id='word_1_41' title='bbox 1122 1423 1205 1504; x_wconf 88' lang='lat' dir='ltr'><strong>edi·</strong></span> 
     </span>
     <span class='ocr_line' id='line_1_7' title="bbox 125 1541 1203 1656; baseline -0.001 -28"><span class='ocrx_word' id='word_1_42' title='bbox 125 1548 272 1645; x_wconf 84' lang='lat' dir='ltr'><strong>tiones,</strong></span> <span class='ocrx_word' id='word_1_43' title='bbox 301 1542 396 1624; x_wconf 92' lang='lat' dir='ltr'><strong>inde</strong></span> <span class='ocrx_word' id='word_1_44' title='bbox 423 1543 474 1622; x_wconf 92' lang='lat' dir='ltr'><strong>ab</strong></span> <span class='ocrx_word' id='word_1_45' title='bbox 502 1541 657 1623; x_wconf 85' lang='lat' dir='ltr'><strong>Adamo</strong></span> <span class='ocrx_word' id='word_1_46' title='bbox 679 1543 898 1626; x_wconf 92' lang='lat' dir='ltr'><strong>Theodoro</strong></span> <span class='ocrx_word' id='word_1_47' title='bbox 927 1545 1090 1646; x_wconf 88' lang='lat' dir='ltr'><strong>Slbero,</strong></span> <span class='ocrx_word' id='word_1_48' title='bbox 1112 1576 1203 1656; x_wconf 87' lang='lat' dir='ltr'><strong>quae</strong></span> 
     </span>
     <span class='ocr_line' id='line_1_8' title="bbox 124 1666 1203 1782; baseline 0 -32"><span class='ocrx_word' id='word_1_49' title='bbox 124 1669 278 1776; x_wconf 84' lang='lat' dir='ltr'><strong>vulgari</strong></span> <span class='ocrx_word' id='word_1_50' title='bbox 310 1666 452 1747; x_wconf 84' lang='lat' dir='ltr'>ordine</span> <span class='ocrx_word' id='word_1_51' title='bbox 485 1667 623 1746; x_wconf 93' lang='lat' dir='ltr'><strong>relicto</strong></span> <span class='ocrx_word' id='word_1_52' title='bbox 662 1668 759 1782; x_wconf 86' lang='lat' dir='ltr'><strong>istas</strong></span> <span class='ocrx_word' id='word_1_53' title='bbox 790 1669 977 1777; x_wconf 79' lang='lat' dir='ltr'><strong>epistolas</strong></span> <span class='ocrx_word' id='word_1_54' title='bbox 1007 1673 1203 1778; x_wconf 91' lang='lat' dir='ltr'><strong>temporis</strong></span> 
     </span>
     <span class='ocr_line' id='line_1_9' title="bbox 126 1789 1204 1898; baseline -0.003 -23"><span class='ocrx_word' id='word_1_55' title='bbox 126 1794 268 1876; x_wconf 86' lang='lat' dir='ltr'><strong>ordine</strong></span> <span class='ocrx_word' id='word_1_56' title='bbox 280 1792 453 1898; x_wconf 84' lang='lat' dir='ltr'><strong>digestas</strong></span> <span class='ocrx_word' id='word_1_57' title='bbox 468 1790 673 1870; x_wconf 88' lang='lat' dir='ltr'><strong>haberent.</strong></span> <span class='ocrx_word' id='word_1_58' title='bbox 684 1789 896 1872; x_wconf 86' lang='lat' dir='ltr'><strong>Schiitaius</strong></span> <span class='ocrx_word' id='word_1_59' title='bbox 907 1790 1038 1871; x_wconf 83' lang='lat' dir='ltr'><strong>autem</strong></span> <span class='ocrx_word' id='word_1_60' title='bbox 1048 1821 1131 1873; x_wconf 93' lang='lat' dir='ltr'><strong>non</strong></span> <span class='ocrx_word' id='word_1_61' title='bbox 1143 1822 1204 1873; x_wconf 91' lang='lat' dir='ltr'><strong>so·</strong></span> 
     </span>
     <span class='ocr_line' id='line_1_10' title="bbox 125 1911 1203 2024; baseline -0.001 -29"><span class='ocrx_word' id='word_1_62' title='bbox 125 1919 208 1996; x_wconf 91' lang='lat' dir='ltr'><strong>lum</strong></span> <span class='ocrx_word' id='word_1_63' title='bbox 225 1914 425 2024; x_wconf 88' lang='lat' dir='ltr'><strong>Epistolas</strong></span> <span class='ocrx_word' id='word_1_64' title='bbox 443 1913 494 1992; x_wconf 90' lang='lat' dir='ltr'><strong>ad</strong></span> <span class='ocrx_word' id='word_1_65' title='bbox 514 1914 720 2012; x_wconf 89' lang='lat' dir='ltr'><strong>Diversos,</strong></span> <span class='ocrx_word' id='word_1_66' title='bbox 736 1911 805 1992; x_wconf 91' lang='lat' dir='ltr'><strong>sed</strong></span> <span class='ocrx_word' id='word_1_67' title='bbox 823 1913 1007 1995; x_wconf 88' lang='lat' dir='ltr'><strong>etiamad</strong></span> <span class='ocrx_word' id='word_1_68' title='bbox 1022 1917 1203 1996; x_wconf 85' lang='lat' dir='ltr'><strong>Atticum</strong></span> 
     </span>
     <span class='ocr_line' id='line_1_11' title="bbox 125 2037 1204 2146; baseline -0.002 -26"><span class='ocrx_word' id='word_1_69' title='bbox 125 2043 235 2144; x_wconf 90' lang='lat' dir='ltr'><strong>etQ</strong></span> <span class='ocrx_word' id='word_1_70' title='bbox 256 2039 420 2118; x_wconf 85' lang='lat' dir='ltr'><strong>fratrem</strong></span> <span class='ocrx_word' id='word_1_71' title='bbox 442 2037 690 2143; x_wconf 89' lang='lat' dir='ltr'><strong>conjunctim</strong></span> <span class='ocrx_word' id='word_1_72' title='bbox 713 2037 854 2117; x_wconf 90' lang='lat' dir='ltr'><strong>eodem</strong></span> <span class='ocrx_word' id='word_1_73' title='bbox 882 2056 1108 2146; x_wconf 90' lang='lat' dir='ltr'><strong>temporum</strong></span> <span class='ocrx_word' id='word_1_74' title='bbox 1138 2069 1204 2119; x_wconf 91' lang='lat' dir='ltr'><strong>or-</strong></span> 
     </span>
     <span class='ocr_line' id='line_1_12' title="bbox 128 2157 1206 2277; baseline -0.003 -32"><span class='ocrx_word' id='word_1_75' title='bbox 128 2164 222 2245; x_wconf 88' lang='lat' dir='ltr'>dine</span> <span class='ocrx_word' id='word_1_76' title='bbox 253 2179 407 2244; x_wconf 90' lang='lat' dir='ltr'><strong>servato</strong></span> <span class='ocrx_word' id='word_1_77' title='bbox 437 2157 554 2239; x_wconf 87' lang='lat' dir='ltr'><strong>edere</strong></span> <span class='ocrx_word' id='word_1_78' title='bbox 578 2161 742 2239; x_wconf 88' lang='lat' dir='ltr'><strong>curavit.</strong></span> <span class='ocrx_word' id='word_1_79' title='bbox 771 2163 834 2240; x_wconf 90' lang='lat' dir='ltr'><strong>Ita</strong></span> <span class='ocrx_word' id='word_1_80' title='bbox 859 2160 1022 2277; x_wconf 89' lang='lat' dir='ltr'><strong>quidem</strong></span> <span class='ocrx_word' id='word_1_81' title='bbox 1046 2165 1206 2271; x_wconf 90' lang='lat' dir='ltr'><strong>putavit</strong></span> 
     </span>
     <span class='ocr_line' id='line_1_13' title="bbox 125 2281 1204 2395; baseline -0.001 -29"><span class='ocrx_word' id='word_1_82' title='bbox 125 2305 166 2367; x_wconf 90' lang='lat' dir='ltr'><strong>et</strong></span> <span class='ocrx_word' id='word_1_83' title='bbox 183 2314 272 2395; x_wconf 88' lang='lat' dir='ltr'><strong>quae</strong></span> <span class='ocrx_word' id='word_1_84' title='bbox 295 2285 346 2364; x_wconf 92' lang='lat' dir='ltr'><strong>sit</strong></span> <span class='ocrx_word' id='word_1_85' title='bbox 367 2282 560 2362; x_wconf 89' lang='lat' dir='ltr'><strong>sententia</strong></span> <span class='ocrx_word' id='word_1_86' title='bbox 579 2281 784 2363; x_wconf 87' lang='lat' dir='ltr'><strong>Ciceronis</strong></span> <span class='ocrx_word' id='word_1_87' title='bbox 804 2285 938 2363; x_wconf 88' lang='lat' dir='ltr'><strong>multis</strong></span> <span class='ocrx_word' id='word_1_88' title='bbox 960 2287 1004 2363; x_wconf 86' lang='lat' dir='ltr'><strong>in</strong></span> <span class='ocrx_word' id='word_1_89' title='bbox 1023 2286 1121 2366; x_wconf 87' lang='lat' dir='ltr'><strong>locis</strong></span> <span class='ocrx_word' id='word_1_90' title='bbox 1143 2287 1204 2365; x_wconf 88' lang='lat' dir='ltr'><strong>fa-</strong></span> 
     </span>
     <span class='ocr_line' id='line_1_14' title="bbox 126 2405 1202 2515; baseline 0 -26"><span class='ocrx_word' id='word_1_91' title='bbox 126 2411 240 2490; x_wconf 84' lang='lat' dir='ltr'><strong>cilius</strong></span> <span class='ocrx_word' id='word_1_92' title='bbox 258 2406 447 2514; x_wconf 84' lang='lat' dir='ltr'><strong>intelligi,</strong></span> <span class='ocrx_word' id='word_1_93' title='bbox 470 2405 715 2513; x_wconf 87' lang='lat' dir='ltr'><strong>omninoque</strong></span> <span class='ocrx_word' id='word_1_94' title='bbox 735 2424 775 2486; x_wconf 93' lang='lat' dir='ltr'><strong>et</strong></span> <span class='ocrx_word' id='word_1_95' title='bbox 798 2408 924 2515; x_wconf 90' lang='lat' dir='ltr'><strong>ipsius</strong></span> <span class='ocrx_word' id='word_1_96' title='bbox 939 2426 1131 2488; x_wconf 89' lang='lat' dir='ltr'><strong>eteorum</strong></span> <span class='ocrx_word' id='word_1_97' title='bbox 1149 2409 1202 2490; x_wconf 96' lang='lat' dir='ltr'><strong>ad</strong></span> 
     </span>
     <span class='ocr_line' id='line_1_15' title="bbox 124 2528 1204 2644; baseline -0.003 -30"><span class='ocrx_word' id='word_1_98' title='bbox 124 2562 228 2644; x_wconf 92' lang='lat' dir='ltr'><strong>quos</strong></span> <span class='ocrx_word' id='word_1_99' title='bbox 250 2531 421 2639; x_wconf 83' lang='lat' dir='ltr'><strong>scripsit,</strong></span> <span class='ocrx_word' id='word_1_100' title='bbox 438 2529 497 2609; x_wconf 91' lang='lat' dir='ltr'><strong>vel</strong></span> <span class='ocrx_word' id='word_1_101' title='bbox 513 2528 723 2638; x_wconf 86' lang='lat' dir='ltr'><strong>dequibus</strong></span> <span class='ocrx_word' id='word_1_102' title='bbox 746 2531 789 2608; x_wconf 91' lang='lat' dir='ltr'><strong>in</strong></span> <span class='ocrx_word' id='word_1_103' title='bbox 813 2531 900 2610; x_wconf 91' lang='lat' dir='ltr'><strong>istis</strong></span> <span class='ocrx_word' id='word_1_104' title='bbox 917 2533 1097 2640; x_wconf 92' lang='lat' dir='ltr'><strong>epistolis</strong></span> <span class='ocrx_word' id='word_1_105' title='bbox 1115 2535 1204 2640; x_wconf 86' lang='lat' dir='ltr'><strong>agi-</strong></span> 
     </span>
     <span class='ocr_line' id='line_1_16' title="bbox 128 2653 1205 2756; baseline 0 -20"><span class='ocrx_word' id='word_1_106' title='bbox 128 2675 206 2756; x_wconf 89' lang='lat' dir='ltr'><strong>tur,</strong></span> <span class='ocrx_word' id='word_1_107' title='bbox 228 2657 395 2735; x_wconf 90' lang='lat' dir='ltr'><strong>virtutes</strong></span> <span class='ocrx_word' id='word_1_108' title='bbox 417 2670 457 2732; x_wconf 90' lang='lat' dir='ltr'><strong>et</strong></span> <span class='ocrx_word' id='word_1_109' title='bbox 480 2653 576 2732; x_wconf 86' lang='lat' dir='ltr'><strong>vitia</strong></span> <span class='ocrx_word' id='word_1_110' title='bbox 599 2653 730 2732; x_wconf 88' lang='lat' dir='ltr'><strong>veriu&#39;s</strong></span> <span class='ocrx_word' id='word_1_111' title='bbox 755 2654 897 2734; x_wconf 89' lang='lat' dir='ltr'><strong>animis</strong></span> <span class='ocrx_word' id='word_1_112' title='bbox 923 2655 1115 2735; x_wconf 90' lang='lat' dir='ltr'><strong>lectorum</strong></span> <span class='ocrx_word' id='word_1_113' title='bbox 1144 2686 1205 2736; x_wconf 91' lang='lat' dir='ltr'><strong>re-</strong></span> 
     </span>
     <span class='ocr_line' id='line_1_17' title="bbox 130 2775 1205 2889; baseline 0.001 -30"><span class='ocrx_word' id='word_1_114' title='bbox 130 2778 373 2889; x_wconf 73' lang='lat' dir='ltr'><strong>praesentari</strong></span> <span class='ocrx_word' id='word_1_115' title='bbox 399 2778 483 2855; x_wconf 91' lang='lat' dir='ltr'><strong>Nos</strong></span> <span class='ocrx_word' id='word_1_116' title='bbox 502 2804 596 2855; x_wconf 88' lang='lat' dir='ltr'><strong>vero</strong></span> <span class='ocrx_word' id='word_1_117' title='bbox 617 2775 692 2855; x_wconf 89' lang='lat' dir='ltr'><strong>alia</strong></span> <span class='ocrx_word' id='word_1_118' title='bbox 719 2779 875 2858; x_wconf 90' lang='lat' dir='ltr'><strong>ratione</strong></span> <span class='ocrx_word' id='word_1_119' title='bbox 905 2778 996 2859; x_wconf 84' lang='lat' dir='ltr'><strong>freti</strong></span> <span class='ocrx_word' id='word_1_120' title='bbox 1015 2778 1205 2861; x_wconf 86' lang='lat' dir='ltr'><strong>ordinem</strong></span> 
     </span>
     <span class='ocr_line' id='line_1_18' title="bbox 131 2897 1206 3003; baseline 0.001 -21"><span class='ocrx_word' id='word_1_121' title='bbox 131 2903 321 2982; x_wconf 90' lang='lat' dir='ltr'><strong>aTirone</strong></span> <span class='ocrx_word' id='word_1_122' title='bbox 342 2897 549 2978; x_wconf 90' lang='lat' dir='ltr'><strong>inductum</strong></span> <span class='ocrx_word' id='word_1_123' title='bbox 571 2927 654 2978; x_wconf 92' lang='lat' dir='ltr'><strong>non</strong></span> <span class='ocrx_word' id='word_1_124' title='bbox 679 2899 913 2980; x_wconf 90' lang='lat' dir='ltr'><strong>mutandum</strong></span> <span class='ocrx_word' id='word_1_125' title='bbox 935 2901 1206 3003; x_wconf 89' lang='lat' dir='ltr'><strong>decrevimus;</strong></span> 
     </span>
     <span class='ocr_line' id='line_1_19' title="bbox 128 3021 1207 3135; baseline 0.001 -30"><span class='ocrx_word' id='word_1_126' title='bbox 128 3027 222 3135; x_wconf 91' lang='lat' dir='ltr'><strong>quia</strong></span> <span class='ocrx_word' id='word_1_127' title='bbox 242 3052 325 3104; x_wconf 91' lang='lat' dir='ltr'><strong>non</strong></span> <span class='ocrx_word' id='word_1_128' title='bbox 347 3021 468 3102; x_wconf 91' lang='lat' dir='ltr'><strong>modo</strong></span> <span class='ocrx_word' id='word_1_129' title='bbox 488 3022 634 3102; x_wconf 88' lang='lat' dir='ltr'><strong>literati</strong></span> <span class='ocrx_word' id='word_1_130' title='bbox 650 3024 748 3121; x_wconf 88' lang='lat' dir='ltr'><strong>viri,</strong></span> <span class='ocrx_word' id='word_1_131' title='bbox 768 3024 837 3103; x_wconf 91' lang='lat' dir='ltr'><strong>sed</strong></span> <span class='ocrx_word' id='word_1_132' title='bbox 859 3026 935 3132; x_wconf 89' lang='lat' dir='ltr'><strong>ipsi</strong></span> <span class='ocrx_word' id='word_1_133' title='bbox 955 3027 1088 3133; x_wconf 89' lang='lat' dir='ltr'><strong>pueri,</strong></span> <span class='ocrx_word' id='word_1_134' title='bbox 1109 3030 1207 3135; x_wconf 92' lang='lat' dir='ltr'><strong>qui-</strong></span> 
     </span>
     <span class='ocr_line' id='line_1_20' title="bbox 129 3145 1206 3255; baseline 0.001 -26"><span class='ocrx_word' id='word_1_135' title='bbox 129 3150 205 3229; x_wconf 91' lang='lat' dir='ltr'><strong>bus</strong></span> <span class='ocrx_word' id='word_1_136' title='bbox 232 3150 276 3228; x_wconf 91' lang='lat' dir='ltr'><strong>in</strong></span> <span class='ocrx_word' id='word_1_137' title='bbox 301 3146 446 3226; x_wconf 86' lang='lat' dir='ltr'><strong>scholis</strong></span> <span class='ocrx_word' id='word_1_138' title='bbox 471 3145 658 3252; x_wconf 83' lang='lat' dir='ltr'><strong>Epistoloe</strong></span> <span class='ocrx_word' id='word_1_139' title='bbox 687 3147 891 3227; x_wconf 90' lang='lat' dir='ltr'><strong>Ciceronis</strong></span> <span class='ocrx_word' id='word_1_140' title='bbox 917 3148 1091 3255; x_wconf 85' lang='lat' dir='ltr'><strong>legendae</strong></span> <span class='ocrx_word' id='word_1_141' title='bbox 1119 3167 1206 3230; x_wconf 90' lang='lat' dir='ltr'><strong>tra-</strong></span> 
     </span>
     <span class='ocr_line' id='line_1_21' title="bbox 131 3268 1208 3381; baseline 0.001 -28"><span class='ocrx_word' id='word_1_142' title='bbox 131 3274 296 3368; x_wconf 89' lang='lat' dir='ltr'><strong>duntur,</strong></span> <span class='ocrx_word' id='word_1_143' title='bbox 314 3271 408 3350; x_wconf 90' lang='lat' dir='ltr'><strong>huic</strong></span> <span class='ocrx_word' id='word_1_144' title='bbox 427 3268 562 3349; x_wconf 91' lang='lat' dir='ltr'><strong>ordini</strong></span> <span class='ocrx_word' id='word_1_145' title='bbox 585 3270 791 3350; x_wconf 83' lang='lat' dir='ltr'><strong>assuefacti</strong></span> <span class='ocrx_word' id='word_1_146' title='bbox 806 3289 916 3371; x_wconf 88' lang='lat' dir='ltr'><strong>sunt;</strong></span> <span class='ocrx_word' id='word_1_147' title='bbox 939 3301 1067 3381; x_wconf 91' lang='lat' dir='ltr'><strong>neque</strong></span> <span class='ocrx_word' id='word_1_148' title='bbox 1087 3273 1208 3354; x_wconf 90' lang='lat' dir='ltr'><strong>abro-</strong></span> 
     </span>
     <span class='ocr_line' id='line_1_22' title="bbox 133 3393 1209 3505; baseline 0.001 -29"><span class='ocrx_word' id='word_1_149' title='bbox 133 3426 225 3502; x_wconf 83' lang='lat' dir='ltr'><strong>gare</strong></span> <span class='ocrx_word' id='word_1_150' title='bbox 252 3395 449 3474; x_wconf 90' lang='lat' dir='ltr'><strong>voluimus</strong></span> <span class='ocrx_word' id='word_1_151' title='bbox 477 3393 622 3498; x_wconf 84' lang='lat' dir='ltr'><strong>legem,</strong></span> <span class='ocrx_word' id='word_1_152' title='bbox 648 3421 736 3501; x_wconf 92' lang='lat' dir='ltr'><strong>quae</strong></span> <span class='ocrx_word' id='word_1_153' title='bbox 763 3422 837 3473; x_wconf 92' lang='lat' dir='ltr'><strong>usu</strong></span> <span class='ocrx_word' id='word_1_154' title='bbox 864 3408 1046 3495; x_wconf 80' lang='lat' dir='ltr'><strong>venerat3</strong></span> <span class='ocrx_word' id='word_1_155' title='bbox 1074 3425 1209 3505; x_wconf 86' lang='lat' dir='ltr'><strong>neque</strong></span> 
     </span>
     <span class='ocr_line' id='line_1_23' title="bbox 133 3518 1126 3626; baseline 0 -26"><span class='ocrx_word' id='word_1_156' title='bbox 133 3550 218 3619; x_wconf 91' lang='lat' dir='ltr'><strong>eos,</strong></span> <span class='ocrx_word' id='word_1_157' title='bbox 237 3547 283 3599; x_wconf 88' lang='lat' dir='ltr'><strong>ex</strong></span> <span class='ocrx_word' id='word_1_158' title='bbox 301 3518 459 3598; x_wconf 90' lang='lat' dir='ltr'><strong>Horatii</strong></span> <span class='ocrx_word' id='word_1_159' title='bbox 479 3535 679 3624; x_wconf 88' lang='lat' dir='ltr'><strong>praecepto</strong></span> <span class='ocrx_word' id='word_1_160' title='bbox 697 3518 839 3625; x_wconf 87' lang='lat' dir='ltr'><strong>(Epist.</strong></span> <span class='ocrx_word' id='word_1_161' title='bbox 857 3520 914 3616; x_wconf 93' lang='lat' dir='ltr'><strong>ll,</strong></span> <span class='ocrx_word' id='word_1_162' title='bbox 940 3547 971 3618; x_wconf 88' lang='lat'><strong>1,</strong></span> <span class='ocrx_word' id='word_1_163' title='bbox 992 3521 1079 3626; x_wconf 84' lang='lat'><strong>85):</strong></span> <span class='ocrx_word' id='word_1_164' title='bbox 1124 3615 1126 3618; x_wconf 7' lang='lat' dir='ltr'>v</span> 
     </span>
     <span class='ocr_line' id='line_1_24' title="bbox 796 3680 882 3785; baseline 0.012 -15"><span class='ocrx_word' id='word_1_165' title='bbox 796 3680 882 3785; x_wconf 32' lang='lat' dir='ltr'><strong>&#39;&#39;Quae</strong></span> 
     </span>
    </p>
   </div>
   <div class='ocr_carea' id='block_1_2' title="bbox 253 3790 931 3886">
    <p class='ocr_par' dir='ltr' id='par_1_2' title="bbox 253 3790 931 3886">
     <span class='ocr_line' id='line_1_25' title="bbox 253 3790 931 3886; baseline -0.003 -17"><span class='ocrx_word' id='word_1_166' title='bbox 253 3807 404 3869; x_wconf 87' lang='lat' dir='ltr'><strong>Imberbes</strong></span> <span class='ocrx_word' id='word_1_167' title='bbox 420 3807 564 3881; x_wconf 84' lang='lat' dir='ltr'><strong>didicere,</strong></span> <span class='ocrx_word' id='word_1_168' title='bbox 579 3827 661 3866; x_wconf 85' lang='lat' dir='ltr'><strong>senes</strong></span> <span class='ocrx_word' id='word_1_169' title='bbox 673 3790 825 3886; x_wconf 83' lang='lat' dir='ltr'><strong>perdenda</strong></span> <span class='ocrx_word' id='word_1_170' title='bbox 839 3810 931 3870; x_wconf 57' lang='lat' dir='ltr'><strong>lateris</strong></span> 
     </span>
    </p>
   </div>
   <div class='ocr_carea' id='block_1_3' title="bbox 134 3985 1209 4594">
    <p class='ocr_par' dir='ltr' id='par_1_3' title="bbox 134 3985 1209 4594">
     <span class='ocr_line' id='line_1_26' title="bbox 136 3985 1207 4105; baseline -0.002 -24"><span class='ocrx_word' id='word_1_171' title='bbox 136 4003 186 4081; x_wconf 86' lang='lat' dir='ltr'><strong>Et</strong></span> <span class='ocrx_word' id='word_1_172' title='bbox 211 3985 289 4076; x_wconf 89' lang='lat' dir='ltr'><strong>hoc</strong></span> <span class='ocrx_word' id='word_1_173' title='bbox 311 4023 386 4074; x_wconf 95' lang='lat' dir='ltr'><strong>nos</strong></span> <span class='ocrx_word' id='word_1_174' title='bbox 414 3993 583 4072; x_wconf 85' lang='lat' dir='ltr'><strong>maxime</strong></span> <span class='ocrx_word' id='word_1_175' title='bbox 607 3996 826 4100; x_wconf 90' lang='lat' dir='ltr'><strong>permovit,</strong></span> <span class='ocrx_word' id='word_1_176' title='bbox 845 3994 956 4104; x_wconf 90' lang='lat' dir='ltr'><strong>quod</strong></span> <span class='ocrx_word' id='word_1_177' title='bbox 981 4024 1030 4075; x_wconf 87' lang='lat' dir='ltr'><strong>ex</strong></span> <span class='ocrx_word' id='word_1_178' title='bbox 1050 3998 1207 4105; x_wconf 85' lang='lat' dir='ltr'><strong>vulgari</strong></span> 
     </span>
     <span class='ocr_line' id='line_1_27' title="bbox 134 4115 1209 4229; baseline 0.001 -27"><span class='ocrx_word' id='word_1_179' title='bbox 134 4121 276 4202; x_wconf 93' lang='lat' dir='ltr'><strong>ordine</strong></span> <span class='ocrx_word' id='word_1_180' title='bbox 297 4136 336 4198; x_wconf 88' lang='lat' dir='ltr'><strong>et</strong></span> <span class='ocrx_word' id='word_1_181' title='bbox 355 4115 599 4224; x_wconf 90' lang='lat' dir='ltr'><strong>abantiquis</strong></span> <span class='ocrx_word' id='word_1_182' title='bbox 621 4133 661 4194; x_wconf 89' lang='lat' dir='ltr'><strong>et</strong></span> <span class='ocrx_word' id='word_1_183' title='bbox 681 4145 704 4194; x_wconf 91' lang='lat' dir='ltr'><strong>a</strong></span> <span class='ocrx_word' id='word_1_184' title='bbox 724 4118 1013 4200; x_wconf 90' lang='lat' dir='ltr'><strong>recentioribus</strong></span> <span class='ocrx_word' id='word_1_185' title='bbox 1035 4122 1209 4229; x_wconf 90' lang='lat' dir='ltr'><strong>scripto-</strong></span> 
     </span>
     <span class='ocr_line' id='line_1_28' title="bbox 136 4235 1209 4351; baseline 0 -26"><span class='ocrx_word' id='word_1_186' title='bbox 136 4246 248 4325; x_wconf 90' lang='lat' dir='ltr'><strong>ribus</strong></span> <span class='ocrx_word' id='word_1_187' title='bbox 268 4243 330 4320; x_wconf 84' lang='lat' dir='ltr'><strong>hae</strong></span> <span class='ocrx_word' id='word_1_188' title='bbox 352 4237 540 4347; x_wconf 83' lang='lat' dir='ltr'><strong>Epistolae</strong></span> <span class='ocrx_word' id='word_1_189' title='bbox 564 4235 646 4345; x_wconf 85' lang='lat' dir='ltr'><strong>jam</strong></span> <span class='ocrx_word' id='word_1_190' title='bbox 675 4240 924 4319; x_wconf 88' lang='lat' dir='ltr'><strong>millesimum</strong></span> <span class='ocrx_word' id='word_1_191' title='bbox 944 4259 984 4320; x_wconf 93' lang='lat' dir='ltr'><strong>et</strong></span> <span class='ocrx_word' id='word_1_192' title='bbox 1004 4244 1209 4351; x_wconf 84' lang='lat' dir='ltr'><strong>octingen-</strong></span> 
     </span>
     <span class='ocr_line' id='line_1_29' title="bbox 135 4359 1205 4472; baseline 0 -24"><span class='ocrx_word' id='word_1_193' title='bbox 135 4369 318 4448; x_wconf 82' lang='lat' dir='ltr'><strong>tesimum</strong></span> <span class='ocrx_word' id='word_1_194' title='bbox 341 4390 490 4442; x_wconf 91' lang='lat' dir='ltr'><strong>annum</strong></span> <span class='ocrx_word' id='word_1_195' title='bbox 516 4359 761 4442; x_wconf 90' lang='lat' dir='ltr'><strong>adnotantur</strong></span> <span class='ocrx_word' id='word_1_196' title='bbox 785 4381 825 4442; x_wconf 91' lang='lat' dir='ltr'><strong>et</strong></span> <span class='ocrx_word' id='word_1_197' title='bbox 850 4363 1079 4472; x_wconf 85' lang='lat' dir='ltr'><strong>allegantur.</strong></span> <span class='ocrx_word' id='word_1_198' title='bbox 1111 4371 1205 4448; x_wconf 92' lang='lat' dir='ltr'><strong>Non</strong></span> 
     </span>
     <span class='ocr_line' id='line_1_30' title="bbox 136 4472 1206 4594; baseline 0.003 -22"><span class='ocrx_word' id='word_1_199' title='bbox 136 4472 267 4574; x_wconf 88' lang='lat' dir='ltr'><strong>tamen</strong></span> <span class='ocrx_word' id='word_1_200' title='bbox 295 4515 430 4570; x_wconf 90' lang='lat' dir='ltr'><strong>verum</strong></span> <span class='ocrx_word' id='word_1_201' title='bbox 461 4483 653 4566; x_wconf 87' lang='lat' dir='ltr'><strong>ordinem</strong></span> <span class='ocrx_word' id='word_1_202' title='bbox 674 4485 850 4569; x_wconf 87' lang='lat' dir='ltr'><strong>indicare</strong></span> <span class='ocrx_word' id='word_1_203' title='bbox 878 4490 1102 4594; x_wconf 88' lang='lat' dir='ltr'><strong>omisimus,</strong></span> <span class='ocrx_word' id='word_1_204' title='bbox 1132 4523 1206 4575; x_wconf 89' lang='lat' dir='ltr'><strong>nec</strong></span> 
     </span>
    </p>
   </div>
   <div class='ocr_carea' id='block_1_4' title="bbox 0 0 1332 5256">
    <p class='ocr_par' dir='ltr' id='par_1_4' title="bbox 0 0 1332 5256">
     <span class='ocr_line' id='line_1_31' title="bbox 0 0 1332 5256; baseline 0 0"><span class='ocrx_word' id='word_1_205' title='bbox 0 0 1332 5256; x_wconf 95' lang='lat' dir='ltr'><strong> </strong></span> 
     </span>
    </p>
   </div>
  </div>
 </body>
</html>
