2656 5256
427 395 706 481 EPISTOLAE,
724 398 758 482 I,
776 392 808 467 5.

10 547 38 601 re
106 530 156 588 tau
170 519 387 598 existimem
397 520 430 588 si
442 514 534 615 quid
550 542 595 588 ex
612 519 656 587 iis
673 516 905 614 1·ebus,qnas
922 521 987 593 tibi
1006 520 1154 597 fortuna

10 659 40 698 r.
100 627 200 725 largita
211 628 563 717 est,nonnullorurn
576 626 769 698 hominnm
783 627 935 725 perfidia
947 631 1154 725 detraxerit,

10 760 32 815 a,
94 735 121 807 id
138 739 262 833 majori
284 738 356 807 illis
375 735 516 821 fraudi,
532 760 642 834 quam
664 736 730 807 tibi
752 735 928 810 futurum.
946 744 976 813 A
993 767 1052 815 rne
1072 746 1154 818 nul·

10 855 25 920 i
91 845 153 918 lum
173 863 321 946 tempus
338 840 631 947 pretermittitur
649 846 695 917 de
719 850 791 917 tuis
812 847 922 920 rebus
942 864 978 921 et
1001 853 1152 948 agendi,

82 970 116 1026 et
126 955 310 1053 cogitandi
320 983 330 1044 3
341 972 505 1054 utorqne
518 955 564 1026 ad
574 958 697 1028 omnia
705 959 749 1048 Q.
759 956 907 1029 Selicio:
918 984 1039 1057 neque
1053 966 1151 1034 enim

79 1064 353 1163 prudentiorem
374 1089 600 1163 quemquam
616 1093 660 1138 ex
680 1069 773 1153 tuis,
787 1091 908 1165 neque
925 1067 997 1140 fide
1014 1074 1151 1169 majore

73 1199 151 1247 esse
162 1174 315 1271 judico,
331 1198 453 1272 neque
467 1179 704 1247 amantiorem
718 1178 784 1246 tui.

120 1289 190 1357 llic
203 1310 289 1383 quae
301 1300 457 1382 agantur
466 1282 511 1373 ¹⁵,
520 1308 675 1383 quaeque
688 1299 767 1355 acta
780 1287 871 1373 sint,
883 1308 923 1357 ea
938 1299 973 1357 te
987 1301 1024 1359 et
1039 1288 1152 1360 litorio

65 1396 295 1481 multorum,
311 1409 349 1465 et
360 1397 501 1466 nuntiis
512 1418 732 1493 cognoscere
745 1394 917 1484 arbitror3
932 1421 1013 1493 qnae
1026 1413 1149 1469 autem

60 1506 194 1603 posita
207 1505 346 1574 suntin
361 1505 588 1600 conjectura,
601 1528 759 1601 quotque
773 1504 863 1575 mihi
875 1505 1046 1577 videntur
1056 1506 1152 1596 fore,

59 1636 111 1684 ea
126 1628 225 1711 puto
243 1610 310 1683 tibi
327 1635 348 1682 a
363 1637 423 1684 me
438 1612 548 1685 scribi
564 1628 744 1712 oportere.

116 1728 367 1820 Posteaquam
385 1726 579 1821 Pompeius
594 1723 693 1821 apud
707 1722 886 1822 populum
900 1747 930 1793 a.
947 1722 981 1793 d.
998 1748 1050 1794 nx
1066 1724 1150 1798 idus

57 1832 161 1907 febr.
193 1858 313 1930 quum
336 1854 405 1931 pro
432 1834 569 1904 Milone
598 1832 755 1919 diceret,
781 1832 936 1902 clamore
963 1837 1148 1905 convicio·

56 1969 141 2043 que
155 1942 192 1988 ¹⁶
212 1946 369 2040 jactatus
394 1957 467 2027 cst,
493 1947 531 2013 in
559 1956 761 2039 senatuque
782 1965 804 2011 u
824 1947 1003 2013 Catone¹⁷
1023 1966 1148 2040 aspere

58 2139 135 2188 entus
145 2137 277 2204 repulsam
290 2136 373 2185 toliere
388 2136 526 2196 videretu13
539 2137 590 2195 ein,
634 2136 736 2200 cingulis
758 2135 843 2184 diebus
864 2135 924 2182 nori
944 2135 1038 2199 aliquid
1057 2139 1148 2202 eppin-

58 2229 177 2282 ntroque
186 2220 299 2278 rejecto,
313 2215 359 2263 elie
370 2218 484 2280 quapiam
496 2215 590 2263 ratione
634 2227 733 2279 genter:
751 2214 777 2262 id
790 2215 858 2277 qnod
874 2214 899 2260 in
916 2215 1026 2277 epistolis
1038 2215 1071 2263 ed
1081 2217 1149 2264 Atti-

58 2298 244 2354 adteretur,
260 2296 380 2357 jucturam
403 2295 590 2343 existimationie
632 2310 689 2342 cum
708 2297 806 2358 eet-iptio
826 2294 957 2358 aaepiueime
976 2294 1066 2342 facturn
1081 2295 1149 2344 vitle-

60 2392 116 2425 ιιι
138 2371 264 2423 laentnlne
285 2376 311 2421 in
334 2390 365 2422 eo
382 2373 473 2421 nnllam
493 2375 589 2421 luceret.
632 2391 695 2424 mne.
709 2376 816 2422 Miror.
836 2400 870 2409 -
889 2371 993 2432 Senon,
1008 2374 1106 2422 bilem.
1122 2384 1147 2422 et

103 2458 148 2504 1⁵.
163 2454 218 2502 uic
233 2469 290 2519 quoe
306 2465 423 2518 agantur.
443 2454 590 2516 Diajnngen·
633 2455 728 2516 nliqnot
750 2453 812 2500 MSS
831 2452 960 2516 exemplo,
975 2468 1064 2500 novem
1088 2453 1146 2502 hinc

62 2535 126 2583 dun
136 2552 152 2583 a
166 2528 351 2599 superioribus,
364 2544 391 2582 ut
399 2533 432 2579 eit
441 2531 488 2580 elie
498 2533 589 2595 epieto·
632 2531 760 2596 epietolnm
776 2531 882 2580 orditur.
903 2531 950 2578 Sed
964 2530 1025 2578 nihil
1043 2533 1146 2581 mutavit

62 2614 197 2678 1³3an
217 2628 251 2662 ex
269 2613 323 2676 ipro
340 2611 498 2675 cognoscitur
513 2626 588 2674 ergn-
632 2610 759 2658 Manutius
778 2609 843 2672 ipre,
857 2610 967 2672 quemvis
985 2624 1037 2656 non
1052 2610 1145 2659 alienun

63 2706 167 2742 uento:
183 2691 587 2754 ‹lixitenimineuperiore,prope
632 2700 710 2750 enaet,
732 2699 760 2736 ut
776 2688 886 2749 videtur,
901 2687 932 2734 ab
952 2687 997 2736 huc
1017 2690 1144 2740 sententie.

64 2768 587 2834 dehtnmetoeregemedPompeinmzin
631 2768 657 2817 J.
669 2766 703 2816 V.
718 2769 744 2814 L.
1033 2758 1040 2767 '

64 2853 127 2912 bt,
139 2851 340 2900 Alexandrinam
350 2847 488 2898 canumeb
502 2864 532 2894 eo
545 2846 586 2894 de·
669 2848 709 2893 16.
727 2844 844 2894 Convicio.
861 2845 942 2906 Quum
961 2846 1026 2891 enim
1043 2845 1145 2895 Clodius

67 2934 191 2997 nodum,
205 2929 337 2995 significet.
353 2932 485 2983 Ρηῑοτοι,
499 2942 543 2973 cur
555 2925 586 2973 de
631 2925 661 2973 de
675 2924 732 2972 loco
747 2925 871 2986 superiore
891 2924 929 2987 (ut
940 2925 973 2970 tit
987 2923 1144 2992 Plutarchus)

68 3012 162 3059 Catone
175 3010 265 3058 eedem
279 3009 412 3057 iterentur?
427 3022 472 3054 cur
481 3006 513 3052 ite
525 3021 585 3053 con·
630 3006 789 3066 interrogaret
802 3019 860 3049 noos
873 3003 1029 3050 inconcione
1040 3014 1142 3065 etentes,

67 3090 150 3137 eludet
173 3087 328 3152 epistolem:
354 3088 415 3133 u‘l'u
439 3086 477 3132 lac
503 3084 584 3131 animo
630 3083 774 3145 quieceret,
787 3082 830 3144 qui
843 3080 939 3144 plebem
953 3082 1016 3129 sume
1029 3088 1142 3134 necaret?

68 3170 139 3225 luti,
147 3182 294 3230 magnoque
308 3167 340 3213 eie
349 3181 375 3224 ⁸5
386 3180 462 3228 quum
472 3179 527 3210 eum
534 3165 585 3224 jem
629 3160 808 3224 respondebant
820 3175 913 3222 opere,
930 3160 1075 3223 Pompeiue;
1087 3167 1143 3227 quie

68 3247 98 3295 eu
109 3248 189 3294 animi
202 3244 397 3308 nngnitndinern
409 3241 550 3290 cohortatur
558 3241 584 3286 in
628 3238 799 3287 Alexandriam
813 3239 848 3284 ire
865 3240 983 3301 cuperet?
1001 3240 1140 3304 Pompeius.

69 3342 98 3373 ee
109 3326 167 3373 loeo
181 3325 233 3371 eit:
247 3344 260 3366 ι
271 3325 330 3371 Tnoe
342 3322 478 3385 apientioe,
492 3319 583 3382 mugni-
627 3318 669 3366 Ad
685 3318 823 3365 convicium
836 3317 940 3379 impetun
953 3321 1069 3366 ucceuit:
1085 3336 1141 3369 nem

70 3405 212 3468 tndininque
234 3403 312 3450 animi
336 3402 411 3449 cett»
431 3400 462 3447 Et
483 3400 584 3446 omnino
628 3399 655 3444 in
673 3397 784 3444 oratione
808 3412 853 3459 pru
873 3396 980 3444 Milone:
1000 3400 1143 3455 «Remin-

70 3500 141 3546 qnam
153 3493 210 3530 tota
222 3497 263 3528 ree
275 3479 323 3527 ulia
332 3478 437 3535 videtur,
448 3489 499 3525 tum
508 3492 584 3540 agno·
628 3477 694 3538 quit,
708 3475 802 3521 Milone
814 3474 845 3520 ad
859 3475 992 3537 populum,
1012 3488 1140 3527 accueente

72 3564 139 3610 utitur
153 3559 272 3625 epistola
285 3558 434 3622 principium
445 3558 471 3604 in
483 3556 520 3603 hie
531 3573 585 3603 rer·
627 3555 657 3602 Ρ.
670 3553 775 3611 Clodio,
793 3569 868 3616 quum
888 3554 914 3599 in
934 3556 978 3601 Cn.
995 3555 1138 3617 Pompeium

72 3639 116 3689 lais:
129 3666 142 3682 ·
154 3642 205 3688 nic
217 3655 275 3704 quae
287 3648 404 3701 agantur,
414 3651 515 3698 quaeque
530 3646 583 3682 acta
627 3648 673 3696 pro
691 3632 785 3680 Milone
802 3632 922 3679 dicentem
941 3633 1045 3696 impetus
1061 3635 1138 3682 facturr

71 3723 164 3778 ritum
179 3731 220 3779 te,
233 3729 303 3765 eto-
321 3719 373 3763 Aut
383 3715 431 3762 hoc
442 3725 476 3762 est
485 3714 584 3762 alteriue
627 3723 702 3770 esset,
717 3728 771 3774 quae
787 3723 837 3759 tum
858 3727 909 3757 uon
931 3711 1006 3759 inodo
1026 3715 1139 3772 occasio,

69 3798 302 3863 epirtubinitium3
316 3806 428 3857 autquae
440 3803 583 3856 aequantur,
627 3790 669 3837 aed
698 3791 770 3837 etiam
797 3805 867 3836 causa
892 3789 958 3836 illins
982 3792 1138 3854 opprimendi

70 3893 113 3926 ιω
125 3879 214 3927 eodem
231 3876 273 3924 die
289 3873 383 3937 scripta
396 3882 467 3929 nunt,
479 3888 528 3934 quo
544 3887 583 3917 eu·
628 3869 714 3915 suite»
728 3871 802 3916 Mart.
814 3895 848 3904 —
859 3869 922 3915 Vide
931 3867 962 3914 ad
973 3869 1005 3928 Q.
1016 3873 1054 3915 Fr.
1064 3872 1101 3928 11,
1113 3872 1136 3918 3.
1154 3890 1159 3907 ⁸

69 3957 266 4024 per-ioupigtolae
276 3966 356 4020 pars:
372 3967 436 4014 taepe
451 3962 530 3997 autent
543 3967 583 3996 ac·
627 3950 700 3996 Ontv.

69 4038 133 4093 dulit,
154 4048 182 4085 nt
200 4037 289 4085 literae
316 4046 372 4079 non
393 4028 521 4087 continua,
540 4027 583 4074 sed
666 4043 707 4085 17.
721 4027 820 4074 Catone.
839 4025 898 4072 Caio
914 4025 1020 4081 Catone,
1038 4026 1137 4076 tribuno

70 4119 145 4167 σιω
152 4119 252 4183 repetita
260 4110 409 4175 scriptione
419 4106 583 4164 conficiamus,
627 4104 722 4168 plebia,
734 4105 765 4152 de
777 4120 828 4169 quo
837 4118 918 4166 supra.
932 4105 1005 4152 Mart.
